5084 6234
1394 496 1411 532 δ

572 969 725 1060 eiscani
762 1001 810 1055 ex
829 970 1070 1084 praescripto
1098 972 1269 1085 Regulae
1303 992 1562 1074 cummotem
1580 970 1812 1049 Romanum
1835 964 1948 1073 sequi

571 1115 806 1177 tenerentur
825 1153 838 1188 ,
855 1089 1034 1173 officium
1050 1089 1215 1203 capellae
1233 1087 1458 1176 Pontificiae
1476 1085 1698 1196 elegerunt,
1717 1111 1738 1163 a
1760 1110 1844 1193 quo
1861 1110 1948 1165 non

570 1214 688 1294 semel
707 1209 936 1292 recedentes
955 1206 1141 1316 inviam,
1158 1234 1196 1294 et
1209 1209 1391 1293 ordinem
1411 1200 1549 1289 reduci
1566 1203 1795 1288 debuerunt
1812 1261 1822 1282 .
1839 1198 1950 1312 Qui-

575 1330 654 1413 bus
680 1328 871 1411 omnibus
890 1325 1049 1409 minime
1067 1352 1123 1411 est
1138 1331 1368 1415 contrarius
1383 1321 1652 1437 Radulphus.

615 1469 664 1559 '9
669 1472 706 1555 5.
741 1440 979 1529 lnanior'est
996 1441 1113 1529 altera
1132 1442 1393 1560 conjectura,
1422 1442 1539 1557 quod
1570 1440 1614 1524 in
1638 1438 1770 1523 officio
1787 1437 1950 1525 Defun-

571 1582 762 1663 ctot'um,
783 1588 827 1647 et
855 1562 1143 1648 Hebdomadae
1176 1562 1336 1677 majoris
1354 1561 1498 1676 hymni
1512 1558 1883 1677 praetermittuntur
1900 1587 1949 1643 ex

574 1676 1011 1767 veteri'consuetudine
1030 1711 1141 1792 ,qua
1164 1683 1262 1766 nulli
1280 1682 1323 1765 in
1352 1681 1485 1766 officio
1503 1678 1645 1791 hymni
1663 1678 1964 1763 recitabantur.·

577 1797 807 1884 Amalatius
839 1801 948 1913 ipse,
985 1798 1057 1911 qui
1087 1830 1111 1882 a
1144 1800 1367 1887 contrariae
1400 1796 1605 1913 opinionis
1622 1797 1865 1882 auctoribus
1893 1820 1953 1880 te-

579 1916 645 2003 stis
662 1918 902 2033 producitur
917 1979 931 2017 ,
946 1917 1043 2030 quia
1059 1981 1071 2017 ‚
1090 1915 1138 2004 ut
1153 1920 1270 2006 aiunt
1284 1984 1297 2020 ,
1311 1922 1354 2003 in
1371 1923 1454 2006 suis
1471 1914 1578 2003 libris
1594 1919 1640 1997 de
1656 1914 1809 2000 Divinis
1823 1911 1965 2020 officiis:

579 2064 693 2152 saepe
710 2038 758 2121 de
775 2037 1102 2122 Ordine'Romnno
1132 2038 1342 2152 loquitur,
1368 2066 1413 2122 ac
1441 2064 1659 2145 nunquam
1678 2034 1740 2148 ‘do
1757 2032 1921 2146 hymnis
1938 2098 1968 2136 ‚2

510 2185 514 2191 ·
566 2152 831 2254 Amalarius,
851 2153 1050 2267 inquam,
1084 2153 1280 2245 diversam
1297 2153 1677 2272 prorsus'rationem
1694 2151 1855 2252 reddit,
1881 2181 1955 2237 cur

578 2272 726 2386 hymni
743 2273 981 2357 omittantur
994 2272 1071 2385 (1)
1091 2334 1145 2374 .,‚
1161 2279 1206 2358 ln
1224 2276 1471 2388 quibusdam
1484 2272 1691 2360 verolocis
1707 2302 1794 2355 non
1812 2270 1964 2386 ignoro,

576 2453 608 2492 „
644 2394 688 2474 in
705 2389 887 2475 Passione
906 2392 1077 2474 Domini
1095 2392 1221 2480 tribus
1253 2392 1466 2480 nocturnis
1486 2392 1572 2474 Xll.
1593 2390 1768 2475 Psalmos
1786 2452 1799 2488 ,
1815 2416 1852 2472 et
1866 2390 1956 2471 Xll.

579 2571 609 2611 „
641 2507 830 2595 lectiones
858 2538 952 2594 cum
980 2511 1240 2626 responsoriis
1257 2508 1428 2631 agitubi
1440 2508 1795 2624 praetermittuntur
1813 2505 1965 2622 hymni·
2072 2575 2077 2590 .

442 2693 448 2701 .
578 2662 608 2731 ‚3
639 2653 682 2715 et
716 2626 891 2728 cantici,
915 2629 1067 2747 quippe
1087 2630 1161 2740 qui
1177 2630 1376 2745 pertinent
1405 2629 1460 2712 ad
1488 2627 1721 2728 laetitiam„
1744 2690 1755 2712 .
1787 2627 1959 2708 Duran-

580 2748 656 2833 dus
671 2744 775 2861 (2);
822 2745 895 2859 qui
927 2744 1061 2833 floruit
1096 2749 1229 2836 seculo
1246 2750 1352 2833 Xlll.
1370 2811 1383 2847 ,
1404 2749 1452 2832 de
1472 2746 1685 2831 omissione
1708 2748 1962 2860 hymnorum'

579 2863 750 2953 tumhis
764 2863 920 2965 diebus,
933 2888 1019 2952 tum
1035 2867 1080 2950 in
1102 2868 1165 2951 die
1181 2868 1280 2955 festo
1298 2866 1552 2983 Epiphaniae
1573 2864 1697 2949 veluti
1711 2865 1765 2949 de
1791 2891 1832 2949 te
1849 2860 1961 2948 anti·
2027 2897 2029 2902 ·

580 2979 966 3099 quissimadisputat
989 3048 1002 3085 ,
1034 3015 1108 3070 cur
1133 3016 1271 3103 nempe
1304 2987 1366 3071 his
1383 2985 1598 3071 destinatis.
1621 2983 1763 3071 diebus
1781 3009 1958 3097 praetet-

580 3101 822 3202 mittantur,
839 3100 1029 3189 aliisvero
1049 3105 1263 3190 recitentur
1281 3170 1295 3207 ‚
1310 3133 1530 3215 causasque
1546 3103 1824 3218 provatietate
1841 3097 1975 3213 sesto-J

584 3248 676 3303 rum
690 3218 850 3319 varias,
879 3248 1225 3336 congruentesque
1254 3222 1465 3337 designat,
1496 3250 1600 3335 quae
1630 3220 1757 3309 videri
1786 3244 1973 3336 possunt,

585 3336 695 3451 apud
709 3366 801 3421 eum
816 3338 917 3454 (3),
935 3366 973 3425 et
991 3339 1101 3457 apud
1120 3341 1416 3459 Peironet(4).
1439 3341 1580 3455 Quare
1602 3339 1653 3427 ut'
1666 3337 1761 3424 huie
1781 3338 1958 3452 disputa-

582 3454 682 3542 tioni
697 3454 974 3568 satisquidem
985 3459 1130 3575 longae
1147 3522 1161 3561 ,
1178 3460 1249 3547 sed
1263 3462 1321 3547 ⁴acl
1335 3489 1509 3548 errorem
1527 3458 1828 3546 inveteratume
1849 3454 1955 3538 mul·
2012 3565 2014 3572 Ι

579 3574 714 3660 totum
732 3575 879 3662 animis
898 3578 1145 3665 evellendum
1160 3581 1454 3693 propemodum
1472 3575 1711 3661 necessariae
1727 3638 1740 3675 ‚
1754 3573 1876 3658 finem
1888 3569 1958 3656 im·
2011 3585 2013 3590 '

580 3720 733 3807 ponam
749 3723 765 3795 ,·
782 3720 883 3781 recte
902 3694 1096 3781 affirmare
1118 3697 1215 3781 mihi
1232 3727 1344 3812 posse
1356 3697 1521 3794 videor,
1537 3697 1712 3809 Hymnus
1721 3692 1894 3777 metricos
1911 3690 1954 3774 in

581 3810 764 3899 Ecclesiis
779 3812 898 3900 etiam
914 3813 1111 3929 primariis
1126 3814 1247 3903 Urbis
1263 3813 1396 3900 seculo
1412 3815 1500 3895 Xll.
1521 3873 1535 3912 ,
1562 3836 1604 3896 et
1622 3810 1737 3927 longe
1754 3834 1845 3893 ante
1862 3808 1958 3893 soli-

577 3954 637 4015 tos
652 3930 775 4017 fuisse
790 3932 893 4017 inter
906 3932 1047 4021 divina
1067 3934 1196 4020 officia
1216 3932 1436 4020 decantati.
1449 3930 1587 4047 Atque
1599 3927 1770 4045 hujusce
1789 3956 1957 4013 consue*

582 4047 730 4133 tudinis
742 4050 939 4167 originem
958 4078 1127 4167 repetere
1146 4082 1358 4168 possumus
1384 4052 1448 4141 vel
1465 4054 1517 4138 ab
1546 4049 1640 4166 ipsis
1667 4047 1865 4136 nascentis
1879 4043 1957 4132 Ec-

582 4161 715 4248 clesiae
733 4167 857 4255 initiis
872 4234 885 4270 ,
901 4168 962 4259 vel
981 4173 1031 4256 ab
1047 4170 1341 4258 Ambrosianae
1358 4170 1552 4256 Ecclesiae
1569 4168 1748 4287 exemplo
1765 4234 1778 4272 ,
1808 4165 1870 4257 vel
1885 4165 1959 4251 sal·

578 4307 662 4368 tem
681 4287 730 4366 ab
745 4313 792 4369 eo
805 4314 978 4403 tempore
997 4354 1010 4390 ‚
1026 4321 1110 4403 quo
1127 4290 1324 4374 Monachi
1340 4288 1592 4375 Benedictini
1610 4273 1786 4405 primum
1802 4288 1954 4388 florere,

577 4424 620 4487 et
639 4398 793 4510 ubique
802 4400 983 4490 ¹diffundi
1001 4435 1248 4524 coeperunt.
1350 4485 1356 4493 .

627 4666 682 4752 (1)
711 4661 945 4752 Supplemeut.
972 4667 1011 4739 ad
1031 4692 1066 4760 4.
1091 4668 1168 4740 Lib.
1190 4672 1233 4741 de
1346 4674 1400 4759 (3)
1421 4668 1692 4758 Lib.6.cap.t6.,
1713 4680 1746 4734 et
1763 4685 1833 4753 7²⁴²
1851 4681 1883 4733 et
1900 4662 1960 4754 87.

577 4758 704 4832 divinis
736 4762 857 4834 officiis
874 4781 956 4836 tom.
977 4789 1008 4834 2.
1039 4766 1235 4840 Analector.
1346 4773 1399 4860 (4)
1424 4767 1460 4837 ln
1477 4765 1627 4837 Manuali
1646 4760 1812 4836 Breviatii
1832 4761 1961 4831 Romaf

574 4855 795 4930 Mabillonii.
1296 4862 1328 4932 ni
1359 4862 1494 4933 Gallice
1511 4880 1597 4951 part.
1618 4887 1650 4937 a.
1667 4886 1740 4954 cap.
1758 4882 1814 4953 17.
1829 4868 1858 4951 ς.
1877 4880 1960 4946 ιι.,

630 4964 680 5050 (a)
708 4956 881 5031 Rational.
896 4957 1001 5034 divini
1016 4959 1148 5033 officii.
1298 4983 1436 5055 cap.29.
1451 4966 1519 5051 Μ.
1534 5007 1546 5041 ,
1577 4984 1673 5057 cap.3
1685 4988 1714 5037 t·
1731 4969 1801 5055 §.d

1827 5449 1838 5566 J
1889 5359 2241 5555 fl
