5084 6234
1856 856 2944 954 GOTHOR.-UM
3629 859 3802 984 369

1035 1008 1176 1092 SS.
1239 1007 1552 1093 Rosarii
1586 1068 1613 1107 ‚
1702 1000 2258 1091 Dedicationis
2316 1008 2396 1090 S.
2433 1004 2750 1091 Mariae
2816 1006 2925 1089 ad
2984 1003 3296 1106 Nives,
3353 1004 3447 1088 Β.
3484 1004 3803 1092 Mariae

1035 1125 1404 1244 Virginis
1471 1125 1566 1209 de
1627 1121 2005 1211 Mercede
2032 1178 2067 1222 ,
2115 1154 2260 1209 nec
2329 1152 2499 1209 non
2534 1121 3056 1208 <le-carmelo
3094 1185 3122 1225 ‚
3168 1123 3256 1206 in
3285 1124 3596 1240 quibus
3626 1153 3801 1209 non

1023 1269 1356 1357 prorsus
1421 1243 1815 1329 dissimilis
1880 1240 2086 1326 ratio
2156 1241 2694 1331 institutionis
2779 1241 3282 1358 agnoscitur.
3320 1243 3551 1330 Alios
3609 1240 3810 1328 tiru-

1030 1359 1150 1448 ξος
1206 1362 1665 1451 festivitates
1726 1358 2204 1446 instituendi
2275 1390 2369 1449 ex
2409 1360 3003 1478 Martyrologio
3038 1364 3411 1447 Romano
3471 1364 3806 1449 desum-

1029 1505 1212 1596 ptos
1244 1508 1665 1569 enumerat
1699 1477 2190 1567 Benedictus
2225 1484 2452 1566 XIV.
2486 1479 2710 1596 lib-,4
2748 1483 2839 1564 de
2870 1482 3085 1567 Beat.
3105 1500 3324 1597 part.
3359 1510 3437 1567 α.
3470 1512 3639 1598 cap.
3669 1509 3803 1597 ¹9·

1024 1625 1239 1683 num.
1275 1628 1355 1714 9.
1389 1662 1416 1700 ,
1468 1600 1858 1685 nimirum
1891 1596 2462 1685 Ordinationis
2526 1598 3116 1684 nonnullorum
3153 1599 3797 1715 Episcoporum‚

1028 1715 1526 1804 Inventionis
1557 1718 1918 1837 corporis
1954 1716 2418 1831 aliquorum
2451 1718 2965 1817 Sanctorum,
2999 1717 3590 1804 Translati-onis
3619 1746 3805 1804 cor·-

1026 1861 1326 1951 porum
1374 1837 1936 1951 ⁵quorumdam
1996 1837 2482 1926 Sanctorum
2516 1895 2546 1939 ,
2608 1838 2816 1952 quos
2878 1835 3335 1955 singillatim
3389 1862 3801 1938 recenset,

1032 1951 1423 2069 additque
1472 2016 1499 2057 ,
1559 1958 1732 2043 Nec
1775 1955 2029 2043 omitti
2048 1984 2307 2075 potest
2332 2020 2361 2060 ,
2412 1956 2868 2042 mentionem
2913 1954 3099 2073 fieri
3119 1954 3201 2039 in
3240 1956 3806 2076 Martymlogtb

1025 2073 1376 2161 Romano
1405 2078 1511 2160 ad
1564 2075 1761 2162 diem
1807 2107 1887 2189 7.
1918 2077 2260 2163 Octobris
2290 2075 2801 2162 celeberrimae
2866 2073 3068 2159 illius
3106 2074 3485 2162 Victoriae
3514 2139 3543 2177 ,
3573 2105 3802 2193 quam

1025 2215 1230 2279 anno
1308 2224 1343 2276 1
1363 2222 1554 2309 571.
1587 2193 1940 2310 fidelium
2021 2194 2276 2284 classis
2336 2197 2429 2277 tle
2498 2195 2773 2278 Turcis
2815 2194 3230 2309 reportavit
3291 2195 3397 2278 ad
3463 2195 3809 2282 Echina-

1027 2314 1172 2396 das
1238 2315 1550 2399 Insulas
1599 2379 1628 2415 ,
1684 2314 1934 2431 captis
1989 2313 2311 2400 hostium
2363 2310 2792 2397 triremibus
2843 2338 3145 2396 centum
3209 2342 3286 2397 et
3350 2310 3744 2423 octoginta
3775 2376 3807 2416 ,
3881 2355 3892 2366 ·

1031 2430 1434 2547 ceterisque
1500 2431 1833 2546 diffectis
1889 2494 1910 2517 .
1974 2436 2193 2517 Haec
2244 2431 2614 2547 pietatem
2651 2428 3061 2516 redolent:
3128 2457 3298 2512 non
3334 2428 3443 2516 ita
3466 2431 3649 2515 duo
3682 2431 3813 2517 illa

1032 2548 1416 2636 solemnia
1490 2552 1832 2670 Angliae
1873 2551 2068 2640 festa
2100 2614 2129 2654 ‚
2163 2548 2501 2635 alterum
2573 2572 2710 2666 30.
2770 2550 2896 2634 die
2936 2546 3302 2647 Januan'i
3335 2610 3363 2651 ‚
3428 2578 3599 2665 quo
3631 2547 3812 2634 Ca·-

1031 2668 1253 2754 rolus
1275 2671 1341 2753 1.
1385 2673 1642 2789 capite
1670 2698 2095 2762 truncatus
2126 2691 2239 2755 est
2275 2730 2304 2770 ,
2334 2668 2677 2784 alterum
2732 2669 2857 2754 die
2898 2694 2974 2782 5.
3031 2669 3571 2768 Novembris,
3636 2696 3810 2779 quo

1029 2787 1275 2907 Angli
1343 2792 1898 2881 obedientiam
1965 2797 2343 2879 Romano
2405 2788 2775 2877 Pontifici
2849 2785 3203 2874 debitam
3270 2786 3810 2910 abjecerunt..

1191 2938 1269 3021 5.
1415 2912 1757 3023 Propius
1825 2914 1933 2999 ad
1999 2909 2591 3000 controversiae
2682 2935 2997 2997 nostr-ae
3102 2931 3352 3024 caput
3443 2907 3812 3013 accedit,

1037 3029 1277 3139 quod
1330 3029 1427 3112 de
1478 3031 1804 3115 Polonis
1877 3033 2221 3117 refertur
2259 3091 2277 3111 .
2340 3030 2638 3136 Paulus
2672 3027 3198 3113 Christianus
3232 3024 3593 3111 Hilscher
3664 3028 3818 3112 he·-

1030 3146 1486 3232 terodoxus
1546 3172 1975 3235 tractatum
2035 3147 2352 3248 edidit,
2416 3150 2545 3232 De
2613 3145 3024 3233 Dominica
3076 3137 3390 3231 mettre
3424 3205 3452 3247 ,
3514 3141 3812 3264 rituque

1031 3263 1323 3352 Idolum
1357 3265 1622 3351 mortis
1656 3267 1782 3353 illa
1819 3266 1940 3354 die
1973 3264 2362 3381 ejiciendi.
2401 3266 2699 3385 Lipsiae
2743 3265 2992 3382 1690.
3020 3264 3103 3350 in
3139 3294 3221 3380 4.
3250 3325 3269 3348 .
3314 3260 3545 3348 Nihil
3575 3264 3812 3353 aliud

1037 3384 1140 3469 de
1197 3384 1351 3471 hoc
1425 3412 1753 3475 auctore
1797 3451 1825 3489 ‚
1891 3416 2139 3503 quem
2206 3386 2565 3473 nancisci
2622 3415 2794 3470 non
2861 3384 3156 3502 potui,
3220 3412 3555 3471 asserere
3609 3384 3809 3473 mihi

1039 3501 1222 3591 licet
1244 3567 1272 3605 ,
1334 3502 1490 3591 nisi
1553 3506 1784 3620 quod
1825 3506 1910 3590 in
1933 3506 2387 3594 Bibliotheca
2419 3505 2714 3593 Rituali
2741 3532 2925 3592 tom.
2956 3524 3039 3589 2.
3076 3527 3300 3590 notat
3338 3503 3813 3594 Franciscus

1042 3621 1468 3709 Antonius
1518 3623 1967 3711 Zacharias
2025 3688 2054 3728 ,
2112 3653 2398 3742 nempe
2449 3649 2859 3712 auctorem
2930 3649 3275 3740 repetere
3343 3649 3648 3709 morem
3715 3623 3815 3708 il-

1037 3739 1209 3827 lum
1236 3741 1609 3853 aPolonis
1639 3745 2108 3831 memoriam
2141 3743 2647 3830 Idololatriae
2671 3767 2896 3828 anno
2913 3739 3223 3830 Christi
3248 3740 3583 3828 Domini
3603 3745 3828 3859 46¹5.=

1037 3860 1370 3976 rejectae
1436 3862 1974 3950 recolentibus
2005 3924 2029 3950 .
2087 3861 2246 3949 Sed
2315 3861 2929 3976 qualiscumque
2997 3859 3098 3947 sit
3166 3858 3365 3947 ritus
3427 3860 3810 3979 ejiciendi

1045 3979 1361 4065 Idolum
1425 3981 1703 4069 mortis
1765 3981 1849 4068 in
1909 3981 2322 4071 Dominica
2385 3984 2700 4069 Laetare
2729 4037 2756 4084 -‚
2797 4007 2883 4069 et
2939 3980 3518 4098 undecumque
3585 3982 3818 4101 origo

1040 4121 1425 4213 petatur,
1510 4100 1636 4186 his
1699 4102 2107 4189 immorari
2175 4100 2485 4189 diutius
2546 4130 2720 4186 non
2794 4125 3115 4218 oportet
3151 4159 3172 4183 .
3249 4103 3467 4189 Nam
3512 4101 3600 4186 in
3629 4102 3823 4191 Me-

1045 4214 1375 4334 nologio
1431 4218 1743 4306 Graeco
1805 4220 2150 4309 similius
2215 4219 2615 4336 quiddam
2682 4219 3097 4308 invenitur
3142 4281 3162 4303 .
3231 4219 3322 4303 Ῑη·
3356 4224 3674 4323 eodem,
3722 4249 3822 4313 ut

1041 4334 1158 4421 ait
1215 4336 1511 4424 citatus
1579 4368 1846 4455 nuper
1897 4339 2270 4429 Pontifex
2327 4369 2557 4426 num.
2600 4370 2730 4426 10.
2766 4403 2795 4444 ‚
2852 4339 3137 4426 mentio
3175 4341 3585 4457 paritet-fit
3621 4371 3826 4427 non·-

1035 4454 1417 4541 nullarum
1483 4458 1800 4543 aliorum
1835 4459 2293 4549 mirabilium
2327 4478 2732 4547 eventuum
2790 4460 3061 4579 quibus
3113 4460 3233 4546 vel
3279 4458 3604 4545 haeresis
3669 4460 3824 4548 ali·-

1037 4604 1188 4690 qua
1200 4573 1444 4692 finem
1474 4575 1740 4661 babuit
1776 4641 1805 4679 ‚
1864 4580 1986 4664 vel
1997 4597 2437 4696 peccatores
2500 4582 2608 4667 ad
2615 4579 3161 4697 poenitentiam
3198 4575 3541 4666 conversi
3570 4605 3762 4667 sunt
3786 4645 3820 4689 ‚

951 4731 957 4736 ·
1039 4690 1162 4777 die
1207 4692 1478 4779 etenim
1559 4721 1692 4807 25.
1761 4697 2063 4813 Septem
2071 4699 2222 4785 bris
2276 4718 2639 4787 narratur
2690 4758 2717 4800 ,
2776 4696 3203 4785 maximum
3281 4712 3822 4790 terraemotum

1039 4810 1464 4900 Theodosio
1499 4818 1830 4935 {Magno
1915 4818 2376 4931 Imperatore
2439 4814 2844 4936 contigisse
2904 4881 2932 4921 ,
3016 4812 3541 4937 haeresimque
3629 4845 3821 4909 runc

1044 4928 1758 5047 Theopasclzitarum
1826 4933 2510 5054 blasphemantium
2543 4991 2576 5041 ,
2632 4951 2864 5053 atque
2928 4937 3472 5053 affimantimn
3504 4993 3536 5045 ,
3585 4937 3825 5045 Diui-

1027 5043 1357 5138 nitatem
1391 5053 1620 5144 etiam
1651 5050 1736 5143 in
1771 5071 1995 5150 cruce
2014 5083 2327 5178 pastam
2344 5048 2646 5171 fitieaeg
2680 5081 3008 5149 cessam
3036 5113 3064 5141 .
3200 5077 3212 5081 ·
3729 5053 3733 5065 '
3793 5077 3797 5081 “
