5084 6234
938 783 1590 934 ucccustlnsrrcrs

1199 974 1237 1098 t.
1268 985 1321 1067 x.

764 1104 770 1114 ⁸
853 1129 1096 1246 Argumenta
1135 1121 1360 1241 hymnodiae
1408 1125 1667 1215 Ecclesisricue

1084 1242 1212 1329 Secult'
1245 1244 1434 1331 secundi.

630 1458 673 1545 9.
697 1377 792 1512 Ad
824 1424 1003 1510 seculum
1038 1420 1235 1507 Ecclesiae
1281 1421 1511 1510 secundum
1542 1424 1575 1511 si
1603 1421 1841 1530 veniamus,
1874 1454 1961 1514 nott

569 1549 739 1662 quidem
764 1543 918 1644 multa,
942 1543 1012 1628 sed
1031 1539 1231 1626 nonnulla
1258 1568 1394 1630 tamen
1422 1569 1674 1647 occurrunt,
1691 1572 1795 1660 quae
1811 1535 1964 1663 primae

574 1666 770 1751 Ecclesiae
800 1661 1140 1749 consuetudinem
1179 1660 1222 1743 in
1255 1661 1376 1748 sacris
1410 1663 1663 1773 hymnorum
1703 1665 1964 1753 cantionibus

569 1786 868 1900 comprobant.
900 1781 1148 1894 Martyrium
1164 1781 1212 1863 ’8.
1231 1779 1375 1896 lgnatii
1408 1811 1458 1869 ex
1485 1784 1599 1871 Actis
1630 1783 1872 1871 authenticis
1886 1784 1962 1868 ht·

574 1903 689 1991 betur
711 1901 824 2018 apud
841 1899 1045 2001 Ruinart,
1076 1925 1116 1984 et
1133 1898 1176 1980 in
1192 1899 1376 1984 secundo
1399 1927 1510 1989 tomo
1528 1907 1693 1989 Parrum
1707 1902 1964 2019 Apostolico-

572 2047 692 2105 rum.
712 2026 757 2105 ln
777 2020 824 2104 iis
841 2020 953 2105 Actis
969 2018 1042 2137 (t)
1057 2020 1155 2102 haec
1174 2014 1392 2132 leguntur:
1410 2084 1438 2122 „
1457 2022 1592 2135 Atque
1611 2021 1759 2108 dicitur
1776 2021 1966 2136 quidem,

572 2201 602 2244 „
632 2141 746 2257 quod
768 2165 857 2255 post
878 2136 968 2221 Viri
999 2168 1068 2255 per
1095 2137 1338 2248 martyrium
1357 2140 1778 2241 consummationem,
1796 2170 1889 2227 cum
1907 2137 1968 2224 lu·

574 2319 603 2361 „
634 2284 772 2377 gerent
809 2257 912 2342 illius
930 2256 1198 2371 privationem
1233 2256 1289 2356 ii,
1312 2256 1386 2367 qui
1404 2262 1556 2343 Romae
1590 2287 1705 2346 erant
1730 2258 1892 2360 fideles,
1923 2285 1967 2347 et

575 2437 605 2480 „
639 2376 791 2461 nullam
804 2375 974 2459 omnino
991 2374 1218 2490 acciperent
1236 2373 1384 2458 doloris
1399 2374 1747 2475 consolationem,
1769 2402 1967 2465 vacarent

576 2557 606 2599 „
633 2524 733 2584 vero
760 2493 1074 2610 sepulchralibus
1093 2493 1300 2604 Hymnis,
1330 2522 1376 2577 ac
1406 2494 1577 2612 vigiliis,
1611 2493 1692 2610 ipse
1726 2491 1770 2576 in
1802 2492 1969 2581 somniis
2063 2563 2069 2577 „

575 2675 605 2717 „
631 2640 833 2732 apparens
863 2674 878 2712 ,
913 2635 952 2696 et
984 2642 1052 2697 eos
1083 2610 1199 2725 quasi
1236 2611 1504 2728 amplectens,
1538 2610 1611 2725 qui
1644 2611 1792 2698 scilicet
1821 2611 1969 2727 seipsos

574 2795 604 2837 ,‚
635 2732 749 2850 prius
782 2730 1051 2847 praebuerant
1065 2730 1209 2845 dignos
1242 2728 1345 2815 illius
1377 2729 1705 2834 consuetudine,
1732 2730 1885 2817 luctum
1913 2729 1970 2817 eis

578 2913 607 2954 „
638 2843 766 2936 effecit
796 2847 991 2951 facilem,
1022 2880 1067 2935 ac
1094 2848 1284 2935 leniorem
1302 2912 1362 2952 ‚,.
1398 2852 1446 2936 ld
1476 2881 1561 2936 non
1581 2851 1708 2937 multo
1739 2876 1830 2966 post
1847 2847 1964 2963 primi

533 2995 544 3009 ·
577 2967 699 3058 seculi
734 2966 896 3054 initium
930 2967 1125 3084 contigit,
1158 2994 1197 3057 et
1223 2967 1327 3059 Acta
1351 3000 1436 3057 non
1454 2970 1570 3087 longe
1591 2969 1686 3056 inde
1707 2966 1842 3054 litteris
1867 2996 1969 3052 con·

577 3087 734 3203 signata
750 3086 869 3174 fuisse
891 3086 1149 3176 manifestum
1170 3116 1234 3175 est
1254 3119 1264 3172 ε
1285 3092 1401 3203 quod
1419 3089 1510 3175 ideo
1526 3086 1837 3187 animadverto,
1866 3085 1967 3201 quia

579 3201 614 3291 si
635 3205 874 3292 narrationis
894 3206 1039 3292 veritas
1053 3204 1154 3291 forte
1170 3207 1352 3309 vacillet,
1377 3206 1584 3327 persuasio
1600 3207 1737 3297 saltem
1754 3203 1966 3293 scribentis

583 3322 643 3406 ad
656 3352 774 3407 usum
787 3325 1035 3435 hymnorum
1051 3318 1290 3440 suffragetur
1309 3387 1320 3411 .

593 3475 597 3484 ·
639 3469 710 3557 40.
741 3444 945 3529 Batonius
958 3442 1032 3559 (2)
1046 3473 1095 3529 ex
1116 3443 1238 3530 Libro
1257 3446 1305 3531 de
1323 3447 1518 3534 Romanis
1533 3445 1796 3532 Pontificibus
1810 3441 1881 3557 (a)
1900 3470 1963 3528 te·

579 3558 684 3678 lert,
711 3559 869 3650 Sixtum
884 3561 1130 3650 constituisse
1146 3626 1160 3664 ,
1176 3628 1204 3665 ‚,
1236 3591 1285 3652 ut
1301 3566 1520 3653 Missarum
1538 3565 1739 3653 actionem
1755 3561 1965 3650 Sacerdote

579 3741 610 3783 ,,
644 3678 859 3796 incipiente
877 3682 1052 3797 populus
1074 3681 1279 3793 hymnum
1310 3683 1538 3772 decantaret
1554 3716 1566 3769 t
1582 3687 1779 3782 Sancum,
1801 3683 1969 3769 Sanctus

579 3860 611 3905 „
643 3796 839 3886 Dominus
854 3803 963 3888 Deus
978 3802 1142 3886 Sabaoth
1162 3829 1235 3889 etc.
1255 3865 1282 3906 „
1302 3864 1313 3887 .
1339 3800 1414 3917 (3)
1432 3802 1492 3887 Ex
1521 3801 1663 3886 eodem
1679 3799 1802 3886 Libro
1819 3863 1833 3902 ,
1851 3800 1969 3886 Tele-

577 3918 778 4034 sphorum
808 3918 989 4005 statuisse
1005 3941 1064 4021 3„
1097 3945 1143 4005 ut
1173 3947 1265 4007 ante
1299 3918 1549 4007 Sacrificium
1592 3919 1791 4007 diceretur
1810 3916 1970 4038 Angeli-

585 4093 614 4134 „
629 4066 702 4122 cus
718 4038 899 4150 hymnus
927 4037 1052 4123 Gloria
1084 4038 1126 4123 in
1141 4032 1296 4127 excelsis
1311 4037 1396 4126 Deo
1410 4062 1480 4128 etc.
1500 4103 1530 4143 „
1551 4102 1561 4125 .
1581 4036 1706 4126 Circa
1739 4037 1782 4123 id
1810 4064 1967 4156 tempus

588 4149 750 4245 florebat
763 4158 947 4255 lustinus
964 4158 1124 4271 Mattyr
1134 4219 1149 4262 ,
1163 4186 1202 4248 et
1217 4160 1485 4280 Philosophus
1510 4158 1669 4263 (lictus,
1687 4155 1806 4275 cujus
1820 4183 1971 4271 marty·

644 4506 702 4601 (Ι)
728 4502 910 4598 cmm·
1173 4526 1175 4529 ’
1309 4533 1367 4591 tto
1383 4515 1556 4591 Clementi
1586 4518 1696 4609 Papae
1727 4511 1967 4595 adiudicatum

648 4610 702 4695 (²)
729 4608 788 4677 Ad
804 4632 920 4681 annum
941 4634 1023 4707 ¹4²·
1042 4632 1199 4683 humma·
1311 4616 1358 4685 ita
1373 4616 1489 4693 etiam,
1504 4617 1597 4706 quod
1617 4619 1659 4683 de
1674 4614 1884 4703 Telesphoro
1899 4633 1967 4683 rra·
2014 4622 2016 4625 ’

648 4709 700 4787 (a)
728 4706 834 4776 liber
856 4706 1059 4782 pontificalis
1077 4710 1160 4783 falso
1172 4733 1249 4783 ete·
1311 4710 1362 4784 dit
1387 4761 1399 4794 ,
1431 4709 1487 4781 alii
1522 4714 1564 4780 de
1581 4709 1812 4803 Symmacho,
1841 4708 1899 4781 alii
1924 4715 1969 4784 de

588 4796 692 4913 ditur
710 4804 854 4876 estolim
873 4806 907 4876 S.
927 4805 1062 4879 Damasi
1078 4856 1088 4877 .
1105 4810 1247 4881 institu·
1310 4810 1344 4881 S.
1372 4808 1507 4881 Hilario
1525 4826 1681 4880 narrant.
1710 4808 1777 4881 Res
1805 4809 1965 4902 ambigua

590 4912 673 4979 tro,
700 4924 787 4991 quae
801 4905 842 4975 ab
856 4928 898 4975 eo
913 4905 1078 4978 tribuitur
1090 4908 1123 4977 S.
1139 4907 1247 4992 Sixto,
1308 4923 1358 4980 est
1377 4954 1389 4987 ,
1416 4923 1449 4977 tt
1470 4907 1621 4977 incerta.

601 4994 812 5094 alionizone
827 5002 969 5079 cunno
983 5005 1155 5101 Episcopo
1172 5006 1248 5079 San·
1356 5010 1414 5102 (3)
1440 5005 1497 5082 At
1511 5027 1632 5084 aunum
1651 5026 1733 5106 154.
1748 5022 1880 5081 numm·
