5084 6234
969 836 1615 929 ECCLESI'A'ST'ICiS
1899 855 1980 953 ἰςγ

592 984 724 1083 „Jesu
743 982 970 1097 Redemptor
980 981 1149 1067 omniurn
1168 1033 1218 1079 ,-
1238 988 1404 1104 Perpes.
1437 976 1713 1070 incommuni
1727 975 1982 1065 Confessoris

588 1102 792 1188 Pontificis
826 1099 879 1184 ad
897 1098 1069 1188 laudes.
1217 1179 1223 1187 ,

576 1218 671 1317 ,iesu
690 1222 921 1335 Redemptor
946 1221 1113 1309 omnium
1141 1268 1168 1289 ·
1190 1220 1338 1331 Quem.
1358 1222 1453 1312 oiim
1468 1288 1483 1325 ,
1497 1220 1659 1306 Christe
1674 1213 1916 1331 Redemptor
1930 1230 1980 1300 u·

587 1338 748 1425 mnium
763 1388 784 1404 -
802 1337 861 1427 Ex
878 1341 989 1424 Patre
1012 1403 1021 1424 .
1043 1345 1088 1428 ln
1107 1344 1328 1432 Nativitate
1349 1342 1516 1448 Domini
1542 1341 1596 1425 ad
1619 1363 1835 1455 vesperas.

572 1460 674 1558 'Iesu
693 1459 782 1545 Rex
796 1457 1060 1547 admirabilis.
1096 1463 1143 1543 in
1173 1460 1274 1549 festo
1308 1466 1378 1548 ss:
1396 1459 1585 1547 Nominis
1603 1461 1695 1554 Jcsu
1731 1451 1786 1541 ad
1814 1449 1981 1540 matuti-

565 1605 717 1661 -uum.
749 1582 842 1662 Pars
862 1580 1129 1691 hymnizlesu
1152 1582 1275 1667 dulcis
1291 1579 1503 1668 memorio.
1619 1612 1621 1616 ·
1977 1591 1981 1598 ’
2087 1593 2091 1600 ’

583 1753 614 1795 ,,
630 1695 812 1781 immense
827 1699 922 1784 coeli
938 1700 1130 1784 conditor.
1148 1701 1258 1785 Feria
1275 1700 1454 1787 secunda
1472 1699 1525 1784 ad
1540 1723 1737 1813 vesperas.
1755 1691 1980 1783 S.Ambro·
2124 1794 2126 1797 ¹

583 1811 633 1897 sii
651 1842 699 1899 ex
721 1814 969 1906 Thomasio·
1379 1850 1381 1853 ·
1494 1854 1496 1857 ’
1977 1833 1981 1848 “

582 1926 724 2019 invicte
740 1940 902 2054 Martyr
915 2002 929 2039 ,
943 1936 1124 2024 unicum.
1143 1936 1262 2039 oiim,
1274 1937 1438 2052 Martyr
1455 1937 1533 2023 Dei
1551 1973 1568 2039 ,¹
1594 1934 1668 2051 qui
1702 1931 1903 2020 unicum.
1933 1931 1980 2014 In

584 2056 792 2139 communi
809 2056 936 2143 unius
953 2055 1149 2165 Martyris
1185 2056 1238 2140 ad
1260 2057 1431 2144 laudes.
1725 2072 1727 2076 ’
1893 2066 1896 2073 ’
1977 2127 1982 2139 .

583 2168 657 2256 iere
685 2171 887 2286 Confessor
899 2174 1062 2261 Domini
1077 2237 1090 2274 ,
1121 2176 1307 2260 colentes.
1327 2176 1446 2274 oiim,
1476 2175 1551 2261 Iste
1583 2174 1789 2261 confessor
1803 2167 1980 2259 Domini

582 2315 760 2377 sacratus
777 2356 787 2376 .
823 2298 868 2377 ln
885 2293 1094 2381 communi
1113 2290 1367 2381 Confessoris
1383 2291 1600 2393 pontificis,
1615 2322 1653 2381 et
1670 2321 1756 2377 non
1775 2288 1980 2379 Pontificis

585 2406 640 2492 ad
660 2414 877 2527 vesperas.
1331 2445 1336 2452 ·
1795 2455 1797 2461 ·
1978 2497 1980 2502 .

581 2524 687 2625 Iste,
715 2559 823 2644 quern
846 2530 937 2619 loeti
963 2532 1120 2620 colimus
1146 2526 1310 2648 fideles.
1345 2529 1420 2616 Die
1456 2556 1523 2643 19.
1540 2527 1696 2614 Martii
1718 2527 1772 2613 ad
1809 2524 1949 2612 laudes
1965 2571 1983 2612 .·

578 2644 773 2862 ilymnus
789 2651 1034 2768 S.Josephi,
1061 2650 1180 2770 cujus
1208 2649 1301 2737 vide
1336 2648 1762 2759 aiterumhymnum:
1791 2642 1975 2734 Caelitum

605 2792 669 2850 ose
694 2768 735 2850 ir.
962 2774 965 2780 ’
1172 2807 1175 2811 ’
1475 2809 1479 2816 -
1943 2828 1984 2858 .,

581 2942 611 2982 ,,
624 2796 735 2971 uiis
749 2916 895 2975 creator
921 2887 1062 3003 optime
1081 2953 1091 2976 .
1107 2889 1331 2977 Dominica
1368 2887 1425 2974 ad
1442 2914 1660 3002 vesperas.
1690 2884 1980 2997 Hymnarium

580 3000 636 3085 V.
655 2998 783 3089 Card.
802 3004 1012 3097 ihomasii
1031 3010 1202 3124 praefert
1220 3037 1371 3095 nomen
1386 3010 1426 3093 S.
1448 3005 1654 3095 Ambrosii
1675 3036 1689 3109 3
1706 3003 1777 3091 sed
1796 3007 1980 3117 hymnus.

580 3121 695 3205 ests.
718 3121 902 3238 Gregorii
925 3125 1082 3239 exejus
1103 3127 1324 3243 operibus.
1392 3158 1397 3169 ’
1708 3164 1710 3168 ’
1974 3204 1982 3215 .

580 3296 611 3337 ,,
625 3238 761 3322 Lustra
777 3271 848 3326 sex
862 3245 929 3359 qui
949 3243 1035 3357 jam
1051 3244 1230 3364 peregit.
1257 3245 1383 3348 olim,
1407 3246 1562 3354 Lustris
1584 3271 1654 3332 sex
1669 3243 1742 3359 qui
1756 3240 1841 3363 jam
1858 3268 1977 3358 pera·

581 3352 680 3441 ctis.
713 3355 936 3450 Dominica
955 3364 1155 3454 Passionis
1174 3363 1231 3455 ad
1244 3364 1427 3483 laudes(
1448 3364 1501 3482 ).

575 3577 672 3670 mens
688 3561 771 3636 VH.
783 3568 912 3659 primus
925 3571 991 3645 fuit
1005 3621 1016 3654 ‚
1031 3572 1089 3667 qui
1105 3576 1168 3645 hoc
1183 3576 1236 3647 of·
1298 3599 1378 3647 mno
1397 3557 1578 3668 loquitur,
1607 3568 1665 3640 sed
1691 3568 1734 3639 de
1750 3562 1859 3638 altero
1874 3555 1936 3676 iiio
1950 3557 1977 3647 ,’

573 3653 689 3732 fictum
706 3665 871 3737 recitaria
898 3667 1125 3743 Franeitcanis
1153 3697 1234 3745 eon·
1298 3671 1429 3745 Vexiiia
1457 3669 1756 3766 negispmdeurrt.
1788 3662 1844 3734 Sic
1873 3673 1975 3732 entm-

574 3758 820 3834 eesai'tLitteris
835 3766 1047 3856 Apostolicis
1063 3767 1239 3843 Bonohiae
1297 3773 1422 3853 haber;
1454 3818 1478 3852 ‚‚
1505 3767 1649 3840 Etidem
1668 3761 1884 3870 'Ambrosius
1913 3780 1966 3829 se·

573 3851 979 3954 datisa5.Feh.153o.,
1009 3871 1129 3960 quibus
1149 3870 1240 3943 affir·
1295 3867 1579 3956 „cutusiitteram
1595 3856 1968 3955 Originisdicitrnhy·
2067 3909 2069 3911 -

571 3970 667 4063 mn,
693 3959 843 4035 officium
857 3969 1083 4056 approbatum
1099 3970 1237 4048 fuisset
1296 4018 1320 4055 „
1337 3993 1416 4042 mno
1430 3965 1613 4040 Passionisv
1632 3960 1966 4055 impietatumque

576 4048 676 4122 Sixto
701 4055 764 4127 tv,
783 4066 880 4143 ,sed
913 4064 1044 4137 nuilum
1057 4070 1129 4152 -ue
1150 4066 1232 4137 ss,
1274 4057 1896 4155 .,‚concinit-Dauidfidelicarmine·
1909 4055 1967 4125 Di·

572 4141 726 4221 Nomine
739 4154 948 4236 lesufestum
958 4187 1054 4237 antea
1067 4163 1168 4240 fuisse
1183 4188 1235 4237 ce·
1293 4219 1319 4255 ‚,
1333 4192 1408 4243 cent
1422 4148 1698 4263 irritationibus·
1714 4154 1909 4252 &gnaviter
1920 4152 1969 4224 ii·

575 4240 772 4358 lebratum.
797 4258 899 4331 Nunc
914 4263 1063 4335 offi'cium
1080 4286 1129 4337 est
1139 4285 1233 4336 reco·
1271 4322 1276 4330 .
1294 4291 1385 4363 „gno
1395 4264 1626 4358 Deus,‚.Quae
1635 4258 1833 4348 eststropha
1843 4250 1963 4348 hymni

575 4358 709 4458 guttum
727 4350 768 4421 ad
785 4358 918 4449 regulas
942 4364 1103 4436 breviarii
1124 4363 1233 4438 retor·
1294 4362 1428 4439 iambici
1448 4364 1585 4438 dimetri
1604 4409 1615 4443 ‚
1633 4356 1764 4432 Vexilia
1779 4354 1878 4449 Regis
1890 4367 1968 4446 pro·

509 4495 530 4530 z
571 4460 680 4516 ΜΗ·
1213 4507 1220 4521 ·
1297 4461 1420 4537 derint.
1453 4466 1614 4559 Hymnus
1645 4453 1869 4529 trochaicus,
1899 4455 1966 4517 La·

574 4578 589 4594 ’
624 4553 675 4627 (4)
700 4549 804 4660 Apud
838 4552 1056 4635 Timotheum
1088 4561 1235 4648 lacobus
1294 4548 1963 4659 strasexquttamperegitesteiusdem

573 4639 617 4714 de
631 4641 786 4757 ualentia
802 4653 893 4726 hune
908 4660 1071 4752 hymnum
1103 4662 1136 4735 S,
1154 4668 1235 4738 Am.
1295 4663 1445 4735 auctoris
1462 4708 1473 4742 ‚
1501 4682 1564 4739 ac,
1580 4666 1696 4747 Pange
1717 4651 1836 4757 lingua
1866 4664 1936 4746 etc.
1953 4690 1964 4719 ι

572 4735 690 4811 brono
725 4747 889 4824 adscribit
927 4758 960 4826 ir
999 4765 1234 4835 commentario
1295 4761 1455 4832 Errorem
1471 4747 1964 4838 MichaelisTimotherp.a63.

571 4840 701 4913 Psalmi
717 4864 780 4933 95.
794 4897 804 4920 .
820 4850 949 4929 Verum
963 4856 1110 4941 lacobus
1129 4861 1233 4933 Perea
1295 4858 1474 4942 editdiom.
1497 4860 1601 4925 1602.
1616 4851 1657 4920 ad
1687 4846 1874 4942 marginem
1900 4846 1964 4937 hye

572 4935 617 5012 de
632 4936 785 5020 Valentia
799 4950 834 5021 in
845 4956 1012 5050 psalmum
1027 4953 1233 5045 95.foi.a86‚
1296 4952 1391 5035 mni,
1419 4960 1538 5023 Lustra
1565 4970 1622 5018 sex
1636 4948 1695 5043 qui
1720 4947 1789 5044 iam
1801 4941 1961 5051 peregit..
2023 5013 2025 5017 ,

573 5036 654 5113 edit.
684 5048 796 5146 Vener·
817 5058 923 5147 1536.
949 5077 1018 5129 aon
1036 5055 1078 5127 de
1092 5058 1158 5144 hoe
1173 5060 1234 5158 hy,
1293 5050 1536 5169 filistiim!
1550 5069 1609 5138 tex
1634 5048 1707 5162 qui..
1722 5045 1794 5144 Μ
1815 5050 1962 5141 ptum!
