5084 6234
963 828 1532 923 ‘GOTHORUM
1878 867 1959 961 3p

572 984 789 1077 consilium
805 982 848 1065 in
864 977 1013 1096 vulgus
1031 978 1188 1065 editum
1211 976 1260 1062 de
1281 1005 1391 1064 novo
1407 977 1508 1063 festo
1529 977 1702 1094 generali
1719 976 1969 1093 ordinando,

569 1137 658 1222 quo
674 1133 816 1191 omnes
834 1102 951 1187 simul
968 1096 1150 1211 Apostoli
1170 1119 1275 1183 stato
1292 1094 1385 1195 die,
1418 1124 1540 1209 atque
1559 1096 1638 1183 alio
1663 1127 1804 1188 omncs
1818 1102 1967 1220 pariter

572 1230 711 1314 Sancti
737 1220 924 1339 Episcopi
956 1215 1282 1330 uniuscujusque
1301 1214 1528 1301 dioeceseos
1559 1214 1885 1324 celebrantium
1915 1224 1966 1312 de

576 1375 663 1460 quo
680 1339 810 1432 videri
827 1366 955 1455 potest
980 1335 1140 1453 josephi
1156 1332 1331 1420 Antonii
1351 1331 1592 1425 Dinovartii
1627 1336 1850 1442 Diarium,
1882 1340 1966 1434 sive

574 1460 750 1565 Journal.
783 1457 1074 1572 Ecclenortipue
1101 1476 1198 1541 torn.
1215 1482 1282 1570 ¹3·
1299 1450 1405 1541 lllov.
1416 1485 1462 1572 p.
1488 1456 1620 1571 163.=
1646 1475 1740 1542 torn.
1769 1488 1836 1577 ¹4·
1854 1464 1967 1582 Aug.

572 1610 729 1701 p.179.
754 1582 825 1664 ‚ln
843 1578 928 1663 Bib.
940 1606 1026 1663 nov.
1044 1575 1137 1662 Nic.
1156 1574 1322 1661 Antonii
1335 1601 1428 1660 tom.
1443 1602 1481 1662 2.
1492 1607 1537 1692 p.
1559 1604 1658 1691 329.
1675 1578 1748 1663 col.
1771 1609 1808 1664 1.
1825 1580 1966 1671 Petrus

577 1701 629 1785 de
652 1699 686 1785 la
706 1697 861 1784 Portilla
880 1698 1064 1809 Duque,
1095 1694 1202 1810 typis
1216 1692 1300 1808 jam
1316 1721 1461 1780 excusa
1477 1694 1605 1811 prima
1625 1689 1735 1813 parre
1751 1696 1966 1818 Hispaniae

577 1817 800 1907 illustrioris
818 1880 831 1920 ,
867 1814 913 1900 in
934 1816 1083 1915 altera,
1116 1841 1242 1927 quarn
1256 1812 1441 1900 editurus
1455 1841 1573 1917 erat,
1608 1813 1713 1900 inter
1730 1816 1806 1903 alia
1822 1845 1968 1935 propo-

574 1940 696 2027 nebat
714 1939 875 2023 rllluevo
889 1931 1152 2019 Festiviclacla
1169 1932 1206 2016 Io
1228 1930 1260 2015 C
1260 1962 1325 2047 rur
1343 1959 1391 2014 en
1408 1935 1591 2021 rodoalus
1609 1932 1825 2053 lglesiorrle
1840 1940 1969 2056 Erpa·

572 2065 660 2156 lio,
691 2090 736 2144 ru
770 2056 898 2143 Titulo
927 2050 1182 2170 :Glorificorio
1212 2049 1373 2150 Crucis,
1394 2086 1425 2186 p
1450 2054 1589 2171 podria
1617 2052 1818 2141 celebraret
1838 2058 1875 2142 el
1902 2088 1965 2145 se·

571 2180 710 2297 gundo
725 2173 852 2263 diade
868 2175 1023 2274 Enero,
1060 2171 1179 2287 cujus
1196 2168 1374 2255 hominis
1393 2172 1633 2287 ingenium,
1665 2196 1705 2258 et
1720 2173 1964 2263 industriam
2046 2241 2050 2254 ,

576 2296 676 2383 Nic.
694 2293 907 2381 Antonius
939 2291 1221 2377 commendat.
1255 2289 1355 2373 Non
1388 2316 1446 2376 est
1481 2291 1604 2407 igitur
1637 2293 1964 2409 ambigendum,

576 2416 682 2529 quin
699 2413 782 2499 hoc
801 2413 969 2497 alterurn
994 2408 1210 2495 consiliunt
1225 2406 1313 2494 festi
1330 2405 1628 2497 Conversionis
1647 2401 1965 2500 Gothorum'in-

577 2531 881 2631 stituendihis‚
914 2529 970 2613 ad
984 2557 1090 2641 quos
1104 2550 1282 2645 spectat,
1316 2537 1368 2613 sit
1381 2526 1446 2643 pla
1475 2526 1657 2629 iturum,
1690 2556 1824 2640 eoque
1839 2531 1965 2621 etiam

577 2650 706 2768 magis
722 2650 764 2735 id
781 2677 938 2765 sperare
953 2648 1073 2747 licet,
1105 2646 1205 2760 quia
1239 2673 1375 2733 nostra
1413 2556 1653 2764 arbonenta
1670 2673 1709 2735 et
1737 2648 1965 2738 efficaciora

548 2776 550 2780 ’
574 2794 705 2867 sunt,
733 2794 774 2856 et
792 2767 835 2851 in
853 2769 995 2853 oculos
1010 2761 1198 2854 omniurn
1214 2765 1349 2853 statim
1364 2764 1585 2854 incurrunt
1604 2828 1616 2851 .
2006 2793 2013 2807 ’

635 2920 675 3003 7.
708 2888 894 3003 Quaerat
911 2912 1049 2973 tamen
1066 2885 1234 2973 sortasse
1250 2883 1428 2995 aliquis,
1462 2886 1575 2999 quod
1596 2949 1610 2989 ,
1648 2885 1821 2998 qualeve
1839 2888 1963 2981 officii

573 3037 704 3127 genus
718 3038 794 3123 pro
811 3005 1095 3096 Conuersione
1111 3004 1239 3119 gentis
1273 3001 1471 3089 Gothicae
1490 3004 1532 3087 in
1571 3005 1768 3121 Hispania
1785 3037 1966 3108 comme·

574 3124 775 3211 moranda
793 3145 891 3207 esset
908 3120 1162 3208 recitandum
1182 3181 1192 3203 .
1226 3123 1325 3205 Non
1342 3148 1473 3207 unum
1489 3186 1503 3225 ‚
1535 3126 1793 3240 eundemque
1809 3156 1965 3216 morem

575 3244 621 3329 in
641 3244 704 3329 his
720 3240 1057 3342 solemnitatibus,
1077 3266 1484 3353 quatumcommune
1504 3239 1684 3329 officium
1702 3245 1859 3333 nullum
1877 3272 1965 3352 est,

573 3386 783 3451 servatum
803 3360 925 3445 luisse
942 3358 1099 3479 reperio
1119 3418 1130 3440 .
1163 3355 1414 3450 Breviarium
1445 3360 1693 3448 Toletanum
1712 3364 1932 3479 antiquum
1949 3424 1965 3469 .

575 3480 698 3598 cujus
716 3508 839 3599 supra
860 3479 1024 3566 memini
1043 3538 1058 3578 ,
1097 3477 1271 3597 psalmos
1287 3478 1408 3564 feriae
1442 3482 1640 3567 currentis
1654 3511 1751 3568 curn
1767 3484 1935 3597 hymnis
1945 3543 1966 3592 -,

575 3627 615 3690 et
631 3600 876 3688 lectionibus
893 3599 1066 3716 propriis
1082 3598 1126 3681 in
1142 3596 1242 3684 festo
1263 3596 1468 3685 Victoriae
1487 3600 1536 3685 de
1553 3603 1827 3688 Benamarino
1845 3595 1967 3720 prae·

576 3719 745 3810 scribit.
776 3721 822 3802 ln
839 3716 1131 3834 posterioribus
1160 3714 1368 3804 Toletanis
1385 3717 1527 3805 officiis
1542 3719 1713 3837 propriis
1744 3721 1799 3806 ad
1832 3722 1967 3812 victo·

508 3881 512 3887 ’
575 3842 680 3929 riam
715 3836 951 3926 Cardinalis
967 3865 1092 3955 prope
1126 3834 1392 3953 Norlingem‚
1423 3836 1520 3923 etin
1555 3836 1737 3924 Parisino
1766 3840 1967 3931 breviario

575 3961 633 4049 ad
648 3959 811 4046 alteram
847 3954 1099 4047 victoriama
1128 3954 1311 4074 Philippo
1332 3954 1506 4042 Pulchro
1529 3960 1736 4045 obtentam
1756 3957 1971 4048 celebran-¹

579 4078 678 4165 dant
697 4078 877 4167 officium
895 4075 945 4161 de
962 4079 1007 4162 Β.
1029 4074 1199 4190 Virgine
1217 4075 1407 4162 recitatur
1428 4137 1438 4159 .
1461 4075 1663 4192 Equidem
1682 4077 1837 4166 dubius
1853 4076 1966 4168 haeai

583 4197 861 4311 aliquandiu,
892 4224 947 4281 an
968 4199 1018 4283 de
1033 4192 1233 4283 Ecclesiae
1253 4193 1556 4298 Dedicatione,
1585 4225 1640 4282 an
1659 4195 1709 4281 de
1725 4195 1964 4317 Epiphania

580 4314 825 4418 Domini,an
838 4319 887 4401 de
903 4313 1059 4419 Cruce,
1075 4344 1132 4400 an
1148 4308 1201 4398 de⁸
1215 4314 1456 4433 SS.Vir'gine
1469 4312 1661 4435 Deipara,
1675 4314 1856 4403 officium
1876 4344 1964 4403 ntu-

576 4434 685 4526 tuari
702 4439 1034 4551 oporteret,quod
1048 4436 1091 4521 in
1110 4435 1212 4522 sesto
1227 4432 1522 4525 Conversionis
1530 4436 1763 4522 Gothorum
1781 4435 1971 4551 partibuo

572 4554 830 4673 vquibusdam
849 4556 1021 4672 propriis
1035 4554 1183 4643 additis
1198 4580 1452 4673 perage-retur
1471 4617 1482 4642 .
1498 4559 1598 4642 Non
1616 4554 1726 4639 'enim
1741 4553 1879 4639 decere
1898 4580 1968 4644 ar·

579 4677 707 4768 bitror
742 4674 995 4761 Graecorum
1021 4696 1136 4761 more
1153 4667 1549 4792 novumsingulare¹
1572 4670 1750 4758 officium
1785 4671 1967 4761 confici..

578 4798 740 4883 Verum
761 4811 924 4880 omnem
940 4819 1104 4913 prorsus
1120 4791 1587 4908 dubitationemabjeei,
1617 4789 1736 4878 simul
1751 4822 1796 4881 rc
1811 4792 1968 4912 cogita-

576 4913 637 5000 tio
653 4913 961 5018 SS.Trinitatis‚
977 4937 1119 5003 contra
1130 4908 1603 5032 quamhaeresisAriana
1621 4910 1976 5032 debacchabatur,
2098 4982 2100 4986 .

583 5032 1022 5157 animumoccupavita
1036 5033 1082 5128 in
1096 5029 1432 5156 cujorbonbram
1447 5029 1975 5140 novantutvitaeucoru
