<?xml version="1.0" encoding="UTF-8"?>
<!DOCTYPE html PUBLIC "-//W3C//DTD XHTML 1.0 Transitional//EN"
    "http://www.w3.org/TR/xhtml1/DTD/xhtml1-transitional.dtd">
<html xmlns="http://www.w3.org/1999/xhtml" xml:lang="en" lang="en">
 <head>
  <title>
</title>
<meta http-equiv="Content-Type" content="text/html;charset=utf-8" />
  <meta name='ocr-system' content='tesseract 3.04.00' />
  <meta name='ocr-capabilities' content='ocr_page ocr_carea ocr_par ocr_line ocrx_word'/>
</head>
<body>
  <div class='ocr_page' id='page_1' title='image "./hymnodiahispani00argoog/hymnodiahispani00argoog_0202.png"; bbox 0 0 5084 6234; ppageno 0'>
   <div class='ocr_carea' id='block_1_1' title="bbox 685 810 1693 910">
    <p class='ocr_par' dir='ltr' id='par_1_1' title="bbox 685 810 1693 910">
     <span class='ocr_line' id='line_1_1' title="bbox 685 810 1693 910; baseline -0.01 -3"><span class='ocrx_word' id='word_1_1' title='bbox 685 818 769 910; x_wconf 72' lang='lat' dir='ltr'>ede</span> <span class='ocrx_word' id='word_1_2' title='bbox 1057 810 1693 903; x_wconf 77' lang='lat' dir='ltr'>&#39;DE‘HYMNlS·</span> 
     </span>
    </p>
   </div>
   <div class='ocr_carea' id='block_1_2' title="bbox 680 951 2068 1429">
    <p class='ocr_par' dir='ltr' id='par_1_2' title="bbox 680 951 2068 1429">
     <span class='ocr_line' id='line_1_2' title="bbox 682 951 2068 1074; baseline -0.002 -25"><span class='ocrx_word' id='word_1_3' title='bbox 682 986 768 1062; x_wconf 87' lang='lat' dir='ltr'>est,</span> <span class='ocrx_word' id='word_1_4' title='bbox 798 952 887 1074; x_wconf 78' lang='lat' dir='ltr'>eius</span> <span class='ocrx_word' id='word_1_5' title='bbox 904 953 1008 1042; x_wconf 77' lang='lat' dir='ltr'>odes</span> <span class='ocrx_word' id='word_1_6' title='bbox 1021 954 1225 1043; x_wconf 78' lang='lat' dir='ltr'>decantari</span> <span class='ocrx_word' id='word_1_7' title='bbox 1242 951 1523 1052; x_wconf 77' lang='lat' dir='ltr'>consuevisse,</span> <span class='ocrx_word' id='word_1_8' title='bbox 1547 978 1587 1042; x_wconf 90' lang='lat' dir='ltr'>et</span> <span class='ocrx_word' id='word_1_9' title='bbox 1613 982 1769 1041; x_wconf 83' lang='lat' dir='ltr'>cannen</span> <span class='ocrx_word' id='word_1_10' title='bbox 1790 957 1959 1046; x_wconf 79' lang='lat' dir='ltr'>seculare</span> <span class='ocrx_word' id='word_1_11' title='bbox 1975 984 2068 1054; x_wconf 70' lang='lat' dir='ltr'>non</span> 
     </span>
     <span class='ocr_line' id='line_1_3' title="bbox 681 1072 2065 1189; baseline -0.001 -23"><span class='ocrx_word' id='word_1_12' title='bbox 681 1081 760 1167; x_wconf 83' lang='lat' dir='ltr'>alia</span> <span class='ocrx_word' id='word_1_13' title='bbox 778 1107 828 1163; x_wconf 82' lang='lat' dir='ltr'>ex</span> <span class='ocrx_word' id='word_1_14' title='bbox 846 1107 964 1163; x_wconf 88' lang='lat' dir='ltr'>causa</span> <span class='ocrx_word' id='word_1_15' title='bbox 982 1074 1204 1159; x_wconf 84' lang='lat' dir='ltr'>factumest</span> <span class='ocrx_word' id='word_1_16' title='bbox 1222 1137 1235 1175; x_wconf 89' lang='lat'>,</span> <span class='ocrx_word' id='word_1_17' title='bbox 1267 1073 1344 1157; x_wconf 90' lang='lat' dir='ltr'>nisi</span> <span class='ocrx_word' id='word_1_18' title='bbox 1362 1098 1408 1158; x_wconf 93' lang='lat' dir='ltr'>ut</span> <span class='ocrx_word' id='word_1_19' title='bbox 1422 1072 1536 1189; x_wconf 80' lang='lat' dir='ltr'>juxta</span> <span class='ocrx_word' id='word_1_20' title='bbox 1555 1074 1757 1161; x_wconf 84' lang='lat' dir='ltr'>monitum</span> <span class='ocrx_word' id='word_1_21' title='bbox 1781 1074 2065 1186; x_wconf 72' lang='lat' dir='ltr'>sibyllinum</span> 
     </span>
     <span class='ocr_line' id='line_1_4' title="bbox 680 1190 2063 1316; baseline 0.001 -33"><span class='ocrx_word' id='word_1_22' title='bbox 680 1196 935 1316; x_wconf 82' lang='lat' dir='ltr'>virginibus,</span> <span class='ocrx_word' id='word_1_23' title='bbox 952 1193 1169 1306; x_wconf 86' lang='lat' dir='ltr'>puerisque</span> <span class='ocrx_word' id='word_1_24' title='bbox 1199 1190 1307 1280; x_wconf 87' lang='lat' dir='ltr'>ludis</span> <span class='ocrx_word' id='word_1_25' title='bbox 1325 1191 1573 1280; x_wconf 82' lang='lat' dir='ltr'>secularibus</span> <span class='ocrx_word' id='word_1_26' title='bbox 1601 1222 1815 1280; x_wconf 86' lang='lat' dir='ltr'>caneretur</span> <span class='ocrx_word' id='word_1_27' title='bbox 1829 1196 1928 1312; x_wconf 86' lang='lat' dir='ltr'>(s)</span> <span class='ocrx_word' id='word_1_28' title='bbox 1960 1198 2063 1311; x_wconf 87' lang='lat' dir='ltr'>Quo</span> 
     </span>
     <span class='ocr_line' id='line_1_5' title="bbox 684 1310 2068 1429; baseline 0.001 -24"><span class='ocrx_word' id='word_1_29' title='bbox 684 1318 729 1405; x_wconf 90' lang='lat' dir='ltr'>in</span> <span class='ocrx_word' id='word_1_30' title='bbox 745 1315 922 1404; x_wconf 78' lang='lat' dir='ltr'>carmine</span> <span class='ocrx_word' id='word_1_31' title='bbox 943 1312 1137 1398; x_wconf 83' lang='lat' dir='ltr'>Horatius</span> <span class='ocrx_word' id='word_1_32' title='bbox 1167 1340 1309 1429; x_wconf 80' lang='lat' dir='ltr'>saepe,</span> <span class='ocrx_word' id='word_1_33' title='bbox 1334 1338 1380 1397; x_wconf 83' lang='lat' dir='ltr'>ac</span> <span class='ocrx_word' id='word_1_34' title='bbox 1396 1310 1649 1424; x_wconf 84' lang='lat' dir='ltr'>freqttentius</span> <span class='ocrx_word' id='word_1_35' title='bbox 1663 1375 1678 1412; x_wconf 85' lang='lat'>,</span> <span class='ocrx_word' id='word_1_36' title='bbox 1693 1343 1818 1426; x_wconf 85' lang='lat' dir='ltr'>quam</span> <span class='ocrx_word' id='word_1_37' title='bbox 1837 1314 2068 1417; x_wconf 73' lang='lat' dir='ltr'>alibi‚·ver-,</span> 
     </span>
    </p>
   </div>
   <div class='ocr_carea' id='block_1_3' title="bbox 530 1427 2085 1560">
    <p class='ocr_par' dir='ltr' id='par_1_3' title="bbox 530 1427 2085 1560">
     <span class='ocr_line' id='line_1_6' title="bbox 530 1427 2085 1560; baseline -0.038 -25"><span class='ocrx_word' id='word_1_38' title='bbox 530 1552 536 1560; x_wconf 22' lang='grc' dir='ltr'>ι</span> <span class='ocrx_word' id='word_1_39' title='bbox 680 1437 795 1527; x_wconf 84' lang='lat' dir='ltr'>sibus</span> <span class='ocrx_word' id='word_1_40' title='bbox 811 1431 970 1529; x_wconf 85' lang='lat' dir='ltr'>utitur,</span> <span class='ocrx_word' id='word_1_41' title='bbox 998 1429 1070 1544; x_wconf 90' lang='lat' dir='ltr'>qui</span> <span class='ocrx_word' id='word_1_42' title='bbox 1086 1428 1209 1516; x_wconf 91' lang='lat' dir='ltr'>modo</span> <span class='ocrx_word' id='word_1_43' title='bbox 1240 1434 1296 1517; x_wconf 93' lang='lat' dir='ltr'>ob</span> <span class='ocrx_word' id='word_1_44' title='bbox 1311 1427 1512 1518; x_wconf 82' lang='lat' dir='ltr'>defectum</span> <span class='ocrx_word' id='word_1_45' title='bbox 1528 1457 1718 1517; x_wconf 81' lang='lat' dir='ltr'>caesurae</span> <span class='ocrx_word' id='word_1_46' title='bbox 1733 1458 1821 1547; x_wconf 89' lang='lat' dir='ltr'>post</span> <span class='ocrx_word' id='word_1_47' title='bbox 1836 1434 2085 1528; x_wconf 59' lang='lat' dir='ltr'>secundum».</span> 
     </span>
    </p>
   </div>
   <div class='ocr_carea' id='block_1_4' title="bbox 625 1546 2136 2380">
    <p class='ocr_par' dir='ltr' id='par_1_4' title="bbox 697 1546 2068 1794">
     <span class='ocr_line' id='line_1_7' title="bbox 736 1546 2068 1666; baseline 0.001 -25"><span class='ocrx_word' id='word_1_48' title='bbox 736 1556 828 1641; x_wconf 88' lang='lat' dir='ltr'>dem</span> <span class='ocrx_word' id='word_1_49' title='bbox 845 1546 987 1638; x_wconf 88' lang='lat' dir='ltr'>cantui</span> <span class='ocrx_word' id='word_1_50' title='bbox 1005 1548 1130 1666; x_wconf 84' lang='lat' dir='ltr'>inepti</span> <span class='ocrx_word' id='word_1_51' title='bbox 1145 1546 1457 1652; x_wconf 75' lang='lat' dir='ltr'>existimantur,</span> <span class='ocrx_word' id='word_1_52' title='bbox 1483 1575 1532 1637; x_wconf 94' lang='lat' dir='ltr'>ut</span> <span class='ocrx_word' id='word_1_53' title='bbox 1563 1546 1666 1632; x_wconf 88' lang='lat' dir='ltr'>nihil</span> <span class='ocrx_word' id='word_1_54' title='bbox 1682 1546 1842 1637; x_wconf 82' lang='lat' dir='ltr'>interim</span> <span class='ocrx_word' id='word_1_55' title='bbox 1866 1554 1915 1638; x_wconf 91' lang='lat' dir='ltr'>de</span> <span class='ocrx_word' id='word_1_56' title='bbox 1933 1556 2068 1665; x_wconf 79' lang='lat' dir='ltr'>Syna-t</span> 
     </span>
     <span class='ocr_line' id='line_1_8' title="bbox 697 1667 2065 1794; baseline -0.011 -33"><span class='ocrx_word' id='word_1_57' title='bbox 697 1667 1097 1794; x_wconf 80' lang='lat' dir='ltr'>oephisdieam(b).</span> <span class='ocrx_word' id='word_1_58' title='bbox 2059 1717 2065 1738; x_wconf 78' lang='lat'>.</span> 
     </span>
    </p>

    <p class='ocr_par' dir='ltr' id='par_1_5' title="bbox 625 1783 2136 2380">
     <span class='ocr_line' id='line_1_9' title="bbox 742 1783 2066 1905; baseline 0.004 -34"><span class='ocrx_word' id='word_1_59' title='bbox 742 1823 842 1905; x_wconf 75' lang='lat'>207.</span> <span class='ocrx_word' id='word_1_60' title='bbox 875 1787 930 1871; x_wconf 95' lang='lat' dir='ltr'>llli</span> <span class='ocrx_word' id='word_1_61' title='bbox 946 1816 1085 1872; x_wconf 88' lang='lat' dir='ltr'>omnes</span> <span class='ocrx_word' id='word_1_62' title='bbox 1099 1785 1317 1874; x_wconf 87' lang='lat' dir='ltr'>Horatiani</span> <span class='ocrx_word' id='word_1_63' title='bbox 1333 1814 1471 1874; x_wconf 86' lang='lat' dir='ltr'>versus</span> <span class='ocrx_word' id='word_1_64' title='bbox 1487 1783 1530 1871; x_wconf 93' lang='lat' dir='ltr'>in</span> <span class='ocrx_word' id='word_1_65' title='bbox 1547 1814 1634 1874; x_wconf 86' lang='lat' dir='ltr'>una</span> <span class='ocrx_word' id='word_1_66' title='bbox 1666 1786 1775 1890; x_wconf 84' lang='lat' dir='ltr'>oda,</span> <span class='ocrx_word' id='word_1_67' title='bbox 1799 1814 1871 1876; x_wconf 82' lang='lat' dir='ltr'>seu</span> <span class='ocrx_word' id='word_1_68' title='bbox 1888 1788 2066 1876; x_wconf 77' lang='lat' dir='ltr'>carmine</span> 
     </span>
     <span class='ocr_line' id='line_1_10' title="bbox 625 1901 2063 2022; baseline -0.006 -22"><span class='ocrx_word' id='word_1_69' title='bbox 625 1951 632 1958; x_wconf 83' lang='lat'>·</span> <span class='ocrx_word' id='word_1_70' title='bbox 678 1909 849 2000; x_wconf 86' lang='lat' dir='ltr'>seculari</span> <span class='ocrx_word' id='word_1_71' title='bbox 869 1904 1024 1992; x_wconf 89' lang='lat' dir='ltr'>inducti</span> <span class='ocrx_word' id='word_1_72' title='bbox 1044 1934 1067 1989; x_wconf 84' lang='lat' dir='ltr'>a</span> <span class='ocrx_word' id='word_1_73' title='bbox 1091 1901 1238 1992; x_wconf 84' lang='lat' dir='ltr'>nostris</span> <span class='ocrx_word' id='word_1_74' title='bbox 1272 1904 1436 2011; x_wconf 81' lang='lat' dir='ltr'>hymnis</span> <span class='ocrx_word' id='word_1_75' title='bbox 1452 1905 1721 1994; x_wconf 85' lang='lat' dir='ltr'>ecclesiasticis</span> <span class='ocrx_word' id='word_1_76' title='bbox 1754 1907 2063 2022; x_wconf 73' lang='lat' dir='ltr'>repellerentur.</span> 
     </span>
     <span class='ocr_line' id='line_1_11' title="bbox 679 2020 2136 2143; baseline -0.005 -26"><span class='ocrx_word' id='word_1_77' title='bbox 679 2032 803 2117; x_wconf 89' lang='lat' dir='ltr'>Unde</span> <span class='ocrx_word' id='word_1_78' title='bbox 823 2025 945 2143; x_wconf 85' lang='lat' dir='ltr'>igitur</span> <span class='ocrx_word' id='word_1_79' title='bbox 962 2025 1063 2108; x_wconf 79' lang='lat' dir='ltr'>haec</span> <span class='ocrx_word' id='word_1_80' title='bbox 1080 2020 1234 2111; x_wconf 79' lang='lat' dir='ltr'>diverte</span> <span class='ocrx_word' id='word_1_81' title='bbox 1253 2021 1542 2112; x_wconf 84' lang='lat' dir='ltr'>modulationis</span> <span class='ocrx_word' id='word_1_82' title='bbox 1566 2022 1707 2110; x_wconf 66' lang='lat' dir='ltr'>ratio?</span> <span class='ocrx_word' id='word_1_83' title='bbox 1740 2029 1848 2109; x_wconf 81' lang='lat' dir='ltr'>Nam</span> <span class='ocrx_word' id='word_1_84' title='bbox 1865 2027 1919 2111; x_wconf 83' lang='lat' dir='ltr'>ad</span> <span class='ocrx_word' id='word_1_85' title='bbox 1934 2024 2070 2112; x_wconf 60' lang='lat' dir='ltr'>elisio,</span> <span class='ocrx_word' id='word_1_86' title='bbox 2133 2035 2136 2044; x_wconf 89' lang='lat'>&#39;</span> 
     </span>
     <span class='ocr_line' id='line_1_12' title="bbox 679 2139 2067 2262; baseline -0.004 -27"><span class='ocrx_word' id='word_1_87' title='bbox 679 2176 756 2236; x_wconf 84' lang='lat' dir='ltr'>nes</span> <span class='ocrx_word' id='word_1_88' title='bbox 770 2144 886 2262; x_wconf 90' lang='lat' dir='ltr'>quod</span> <span class='ocrx_word' id='word_1_89' title='bbox 903 2139 1073 2243; x_wconf 84' lang='lat' dir='ltr'>attinet,</span> <span class='ocrx_word' id='word_1_90' title='bbox 1109 2139 1340 2260; x_wconf 83' lang='lat' dir='ltr'>intelligitur</span> <span class='ocrx_word' id='word_1_91' title='bbox 1355 2140 1479 2243; x_wconf 87' lang='lat' dir='ltr'>satis,</span> <span class='ocrx_word' id='word_1_92' title='bbox 1502 2168 1653 2232; x_wconf 88' lang='lat' dir='ltr'>veteres</span> <span class='ocrx_word' id='word_1_93' title='bbox 1671 2171 1756 2228; x_wconf 91' lang='lat' dir='ltr'>non</span> <span class='ocrx_word' id='word_1_94' title='bbox 1772 2142 2067 2258; x_wconf 86' lang='lat' dir='ltr'>pronunciasse</span> 
     </span>
     <span class='ocr_line' id='line_1_13' title="bbox 679 2257 2132 2380; baseline -0.003 -28"><span class='ocrx_word' id='word_1_95' title='bbox 679 2268 856 2380; x_wconf 80' lang='lat' dir='ltr'>syllabas</span> <span class='ocrx_word' id='word_1_96' title='bbox 868 2257 1074 2349; x_wconf 76' lang='lat' dir='ltr'>elidendus</span> <span class='ocrx_word' id='word_1_97' title='bbox 1091 2321 1105 2362; x_wconf 86' lang='lat'>‚</span> <span class='ocrx_word' id='word_1_98' title='bbox 1140 2257 1207 2378; x_wconf 89' lang='lat' dir='ltr'>(c)</span> <span class='ocrx_word' id='word_1_99' title='bbox 1221 2285 1269 2348; x_wconf 91' lang='lat' dir='ltr'>ut</span> <span class='ocrx_word' id='word_1_100' title='bbox 1284 2258 1327 2344; x_wconf 89' lang='lat' dir='ltr'>in</span> <span class='ocrx_word' id='word_1_101' title='bbox 1342 2288 1463 2352; x_wconf 89' lang='lat' dir='ltr'>versu</span> <span class='ocrx_word' id='word_1_102' title='bbox 1476 2260 1617 2349; x_wconf 84' lang='lat' dir='ltr'>eadem</span> <span class='ocrx_word' id='word_1_103' title='bbox 1636 2290 1789 2378; x_wconf 85' lang='lat' dir='ltr'>semper</span> <span class='ocrx_word' id='word_1_104' title='bbox 1806 2259 1986 2379; x_wconf 81' lang='lat' dir='ltr'>ejusdem</span> <span class='ocrx_word' id='word_1_105' title='bbox 2002 2288 2069 2377; x_wconf 87' lang='lat' dir='ltr'>pe·</span> <span class='ocrx_word' id='word_1_106' title='bbox 2126 2290 2132 2306; x_wconf 88' lang='lat'><strong>·</strong></span> 
     </span>
    </p>
   </div>
   <div class='ocr_carea' id='block_1_5' title="bbox 677 2462 2166 4231">
    <p class='ocr_par' dir='ltr' id='par_1_6' title="bbox 681 2462 2071 2749">
     <span class='ocr_line' id='line_1_14' title="bbox 731 2462 2068 2566; baseline -0.006 -24"><span class='ocrx_word' id='word_1_107' title='bbox 731 2478 783 2566; x_wconf 81' lang='lat' dir='ltr'>(a)</span> <span class='ocrx_word' id='word_1_108' title='bbox 814 2464 1040 2560; x_wconf 78' lang='lat' dir='ltr'>Spsnhemius</span> <span class='ocrx_word' id='word_1_109' title='bbox 1056 2465 1087 2533; x_wconf 91' lang='lat' dir='ltr'>in</span> <span class='ocrx_word' id='word_1_110' title='bbox 1105 2466 1221 2537; x_wconf 89' lang='lat' dir='ltr'>limine</span> <span class='ocrx_word' id='word_1_111' title='bbox 1237 2464 1348 2534; x_wconf 82' lang='lat' dir='ltr'>Nota·</span> <span class='ocrx_word' id='word_1_112' title='bbox 1429 2476 1560 2557; x_wconf 61' lang='lat' dir='ltr'>Augur</span> <span class='ocrx_word' id='word_1_113' title='bbox 1577 2511 1589 2547; x_wconf 87' lang='lat'>,</span> <span class='ocrx_word' id='word_1_114' title='bbox 1620 2462 1817 2558; x_wconf 66' lang='lat' dir='ltr'>eejulgertte</span> <span class='ocrx_word' id='word_1_115' title='bbox 1832 2468 1969 2537; x_wconf 83' lang='lat' dir='ltr'>decorus</span> <span class='ocrx_word' id='word_1_116' title='bbox 1986 2486 2068 2534; x_wconf 81' lang='lat' dir='ltr'>arcte</span> 
     </span>
     <span class='ocr_line' id='line_1_15' title="bbox 681 2558 2071 2663; baseline -0.004 -24"><span class='ocrx_word' id='word_1_117' title='bbox 681 2587 759 2642; x_wconf 88' lang='lat' dir='ltr'>turn</span> <span class='ocrx_word' id='word_1_118' title='bbox 790 2567 832 2639; x_wconf 84' lang='lat' dir='ltr'>ed</span> <span class='ocrx_word' id='word_1_119' title='bbox 861 2561 1112 2634; x_wconf 80' lang='lat' dir='ltr'>Callimachum</span> <span class='ocrx_word' id='word_1_120' title='bbox 1128 2564 1256 2658; x_wconf 80' lang='lat' dir='ltr'>docet,</span> <span class='ocrx_word' id='word_1_121' title='bbox 1277 2564 1346 2655; x_wconf 80' lang='lat' dir='ltr'>hy·</span> <span class='ocrx_word' id='word_1_122' title='bbox 1429 2558 1609 2642; x_wconf 77' lang='lat' dir='ltr'>Phoebes,</span> <span class='ocrx_word' id='word_1_123' title='bbox 1638 2576 1990 2663; x_wconf 80' lang='lat' dir='ltr'>aceeptusqsenouem</span> <span class='ocrx_word' id='word_1_124' title='bbox 2003 2568 2071 2634; x_wconf 71' lang='grc' dir='ltr'>τι·</span> 
     </span>
     <span class='ocr_line' id='line_1_16' title="bbox 682 2656 1607 2749; baseline -0.012 -9"><span class='ocrx_word' id='word_1_125' title='bbox 682 2687 782 2740; x_wconf 83' lang='lat' dir='ltr'>moos</span> <span class='ocrx_word' id='word_1_126' title='bbox 811 2663 1028 2749; x_wconf 80' lang='lat' dir='ltr'>Graecorum</span> <span class='ocrx_word' id='word_1_127' title='bbox 1051 2661 1093 2730; x_wconf 82' lang='lat' dir='ltr'>ed</span> <span class='ocrx_word' id='word_1_128' title='bbox 1112 2657 1228 2731; x_wconf 79' lang='lat' dir='ltr'>tibiam</span> <span class='ocrx_word' id='word_1_129' title='bbox 1256 2656 1345 2729; x_wconf 89' lang='lat' dir='ltr'>inter</span> <span class='ocrx_word' id='word_1_130' title='bbox 1453 2658 1607 2732; x_wconf 84' lang='lat' dir='ltr'>moenis.</span> 
     </span>
    </p>

    <p class='ocr_par' dir='ltr' id='par_1_7' title="bbox 680 2756 2069 2953">
     <span class='ocr_line' id='line_1_17' title="bbox 680 2756 2068 2854; baseline -0.004 -18"><span class='ocrx_word' id='word_1_131' title='bbox 680 2763 809 2843; x_wconf 70' lang='lat' dir='ltr'>Secta,</span> <span class='ocrx_word' id='word_1_132' title='bbox 845 2757 1118 2850; x_wconf 77' lang='lat' dir='ltr'>libationesque,</span> <span class='ocrx_word' id='word_1_133' title='bbox 1154 2759 1344 2831; x_wconf 82' lang='lat' dir='ltr'>eteltoress</span> <span class='ocrx_word' id='word_1_134' title='bbox 1428 2756 1634 2848; x_wconf 72' lang='lat' dir='ltr'>Qisdeeitrr</span> <span class='ocrx_word' id='word_1_135' title='bbox 1648 2757 2068 2854; x_wconf 69' lang='lat' dir='ltr'>oraupsecesrtrmm.</span> 
     </span>
     <span class='ocr_line' id='line_1_18' title="bbox 683 2848 2069 2953; baseline -0.008 -17"><span class='ocrx_word' id='word_1_136' title='bbox 683 2862 803 2936; x_wconf 75' lang='lat' dir='ltr'>solitos</span> <span class='ocrx_word' id='word_1_137' title='bbox 818 2857 918 2929; x_wconf 82' lang='lat' dir='ltr'>luisse</span> <span class='ocrx_word' id='word_1_138' title='bbox 931 2854 1058 2927; x_wconf 82' lang='lat' dir='ltr'>cantari</span> <span class='ocrx_word' id='word_1_139' title='bbox 1074 2903 1085 2925; x_wconf 87' lang='lat'>.</span> <span class='ocrx_word' id='word_1_140' title='bbox 1429 2867 1521 2927; x_wconf 79' lang='lat' dir='ltr'>Haec</span> <span class='ocrx_word' id='word_1_141' title='bbox 1536 2861 1651 2927; x_wconf 71' lang='lat' dir='ltr'>rosen</span> <span class='ocrx_word' id='word_1_142' title='bbox 1664 2856 1798 2939; x_wconf 80' lang='lat' dir='ltr'>sentire,</span> <span class='ocrx_word' id='word_1_143' title='bbox 1818 2866 1967 2953; x_wconf 80' lang='lat' dir='ltr'>Deosque</span> <span class='ocrx_word' id='word_1_144' title='bbox 1983 2848 2069 2927; x_wconf 84' lang='lat' dir='ltr'>tretr-¹</span> 
     </span>
    </p>

    <p class='ocr_par' dir='ltr' id='par_1_8' title="bbox 703 2953 2067 3150">
     <span class='ocr_line' id='line_1_19' title="bbox 730 2953 1549 3049; baseline -0.009 -17"><span class='ocrx_word' id='word_1_145' title='bbox 730 2959 781 3049; x_wconf 79' lang='lat' dir='ltr'>(b)</span> <span class='ocrx_word' id='word_1_146' title='bbox 808 2953 1007 3026; x_wconf 83' lang='lat' dir='ltr'>Videlicett</span> <span class='ocrx_word' id='word_1_147' title='bbox 1409 3017 1411 3022; x_wconf 95' lang='lat'><em>.</em></span> <span class='ocrx_word' id='word_1_148' title='bbox 1452 2969 1549 3026; x_wconf 83' lang='lat' dir='ltr'>etos.</span> 
     </span>
     <span class='ocr_line' id='line_1_20' title="bbox 703 3052 2067 3150; baseline -0.006 -21"><span class='ocrx_word' id='word_1_149' title='bbox 703 3054 1344 3150; x_wconf 64' lang='lat' dir='ltr'>uaoebesstvarumquepoeensorata.</span> <span class='ocrx_word' id='word_1_150' title='bbox 1428 3061 1524 3150; x_wconf 81' lang='lat' dir='ltr'>spem</span> <span class='ocrx_word' id='word_1_151' title='bbox 1550 3056 1694 3140; x_wconf 76' lang='lat' dir='ltr'>bonam,</span> <span class='ocrx_word' id='word_1_152' title='bbox 1720 3065 1910 3150; x_wconf 76' lang='lat' dir='ltr'>terrentque</span> <span class='ocrx_word' id='word_1_153' title='bbox 1932 3052 2067 3124; x_wconf 79' lang='lat' dir='ltr'>domest</span> 
     </span>
    </p>

    <p class='ocr_par' dir='ltr' id='par_1_9' title="bbox 677 3152 2166 4231">
     <span class='ocr_line' id='line_1_21' title="bbox 706 3152 1612 3248; baseline 0.002 -21"><span class='ocrx_word' id='word_1_154' title='bbox 706 3157 803 3227; x_wconf 75' lang='lat' dir='ltr'>leeris</span> <span class='ocrx_word' id='word_1_155' title='bbox 818 3152 955 3243; x_wconf 76' lang='lat' dir='ltr'>Illitlsya</span> <span class='ocrx_word' id='word_1_156' title='bbox 969 3164 1062 3221; x_wconf 79' lang='lat' dir='ltr'>rttete</span> <span class='ocrx_word' id='word_1_157' title='bbox 1075 3161 1203 3224; x_wconf 78' lang='lat' dir='ltr'>Matres</span> <span class='ocrx_word' id='word_1_158' title='bbox 1218 3202 1230 3223; x_wconf 88' lang='lat'><strong>.</strong></span> <span class='ocrx_word' id='word_1_159' title='bbox 1452 3167 1585 3248; x_wconf 82' lang='lat' dir='ltr'>repsere</span> <span class='ocrx_word' id='word_1_160' title='bbox 1600 3206 1612 3227; x_wconf 86' lang='lat'><strong>.</strong></span> 
     </span>
     <span class='ocr_line' id='line_1_22' title="bbox 686 3247 2067 3345; baseline -0.005 -19"><span class='ocrx_word' id='word_1_161' title='bbox 686 3256 787 3326; x_wconf 61' lang='lat' dir='ltr'>dive</span> <span class='ocrx_word' id='word_1_162' title='bbox 805 3266 840 3320; x_wconf 87' lang='lat' dir='ltr'>tu</span> <span class='ocrx_word' id='word_1_163' title='bbox 856 3250 980 3318; x_wconf 80' lang='lat' dir='ltr'>Lucina</span> <span class='ocrx_word' id='word_1_164' title='bbox 992 3247 1113 3343; x_wconf 69' lang='lat' dir='ltr'>probes</span> <span class='ocrx_word' id='word_1_165' title='bbox 1124 3253 1242 3321; x_wconf 81' lang='lat' dir='ltr'>soteri</span> <span class='ocrx_word' id='word_1_166' title='bbox 1256 3298 1268 3321; x_wconf 87' lang='lat'><strong>.</strong></span> <span class='ocrx_word' id='word_1_167' title='bbox 1454 3258 1503 3338; x_wconf 84' lang='lat' dir='ltr'>(r)</span> <span class='ocrx_word' id='word_1_168' title='bbox 1531 3256 1563 3326; x_wconf 86' lang='lat' dir='ltr'>N</span> <span class='ocrx_word' id='word_1_169' title='bbox 1568 3273 1664 3325; x_wconf 77' lang='lat' dir='ltr'>oratu</span> <span class='ocrx_word' id='word_1_170' title='bbox 1675 3250 1777 3345; x_wconf 83' lang='lat' dir='ltr'>digne</span> <span class='ocrx_word' id='word_1_171' title='bbox 1789 3265 1838 3320; x_wconf 82' lang='lat' dir='ltr'>est</span> <span class='ocrx_word' id='word_1_172' title='bbox 1846 3247 1964 3340; x_wconf 84' lang='lat' dir='ltr'>opinio</span> <span class='ocrx_word' id='word_1_173' title='bbox 1977 3248 2067 3319; x_wconf 87' lang='lat' dir='ltr'>Ven.</span> 
     </span>
     <span class='ocr_line' id='line_1_23' title="bbox 677 3348 2166 3447; baseline -0.007 -23"><span class='ocrx_word' id='word_1_174' title='bbox 677 3359 885 3447; x_wconf 71' lang='lat' dir='ltr'>·Prstperet</span> <span class='ocrx_word' id='word_1_175' title='bbox 901 3348 1031 3416; x_wconf 82' lang='lat' dir='ltr'>decreta</span> <span class='ocrx_word' id='word_1_176' title='bbox 1046 3362 1147 3441; x_wconf 82' lang='lat' dir='ltr'>erepet</span> <span class='ocrx_word' id='word_1_177' title='bbox 1160 3349 1320 3440; x_wconf 71' lang='lat' dir='ltr'>iugandis</span> <span class='ocrx_word' id='word_1_178' title='bbox 1405 3348 1543 3431; x_wconf 84' lang='lat' dir='ltr'>Bedse,</span> <span class='ocrx_word' id='word_1_179' title='bbox 1564 3351 1623 3443; x_wconf 87' lang='lat' dir='ltr'>qui</span> <span class='ocrx_word' id='word_1_180' title='bbox 1647 3349 1839 3428; x_wconf 80' lang='lat' dir='ltr'>existimat,</span> <span class='ocrx_word' id='word_1_181' title='bbox 1857 3370 1990 3420; x_wconf 80' lang='lat' dir='ltr'>versum</span> <span class='ocrx_word' id='word_1_182' title='bbox 2008 3349 2071 3415; x_wconf 85' lang='lat' dir='ltr'>he·</span> <span class='ocrx_word' id='word_1_183' title='bbox 2164 3418 2166 3424; x_wconf 69' lang='grc'><strong>,</strong></span> 
     </span>
     <span class='ocr_line' id='line_1_24' title="bbox 680 3441 2068 3541; baseline -0.007 -20"><span class='ocrx_word' id='word_1_184' title='bbox 680 3449 850 3525; x_wconf 72' lang='lat' dir='ltr'>‹·sentnts</span> <span class='ocrx_word' id='word_1_185' title='bbox 867 3493 879 3527; x_wconf 91' lang='lat'>‚</span> <span class='ocrx_word' id='word_1_186' title='bbox 896 3442 1067 3541; x_wconf 75' lang='lat' dir='ltr'>prelisque</span> <span class='ocrx_word' id='word_1_187' title='bbox 1083 3464 1191 3515; x_wconf 82' lang='lat' dir='ltr'>nouae</span> <span class='ocrx_word' id='word_1_188' title='bbox 1207 3442 1347 3530; x_wconf 77' lang='lat' dir='ltr'>feraci.</span> <span class='ocrx_word' id='word_1_189' title='bbox 1406 3463 1596 3520; x_wconf 82' lang='lat' dir='ltr'>xemetrum</span> <span class='ocrx_word' id='word_1_190' title='bbox 1633 3444 1856 3536; x_wconf 83' lang='lat' dir='ltr'>spondaicum</span> <span class='ocrx_word' id='word_1_191' title='bbox 1888 3491 1900 3526; x_wconf 89' lang='lat'><strong>,</strong></span> <span class='ocrx_word' id='word_1_192' title='bbox 1933 3441 2068 3515; x_wconf 84' lang='lat' dir='ltr'>scilieet</span> 
     </span>
     <span class='ocr_line' id='line_1_25' title="bbox 683 3541 2067 3640; baseline -0.007 -24"><span class='ocrx_word' id='word_1_193' title='bbox 683 3587 697 3614; x_wconf 91' lang='lat'>·.</span> <span class='ocrx_word' id='word_1_194' title='bbox 709 3551 813 3640; x_wconf 54' lang='lat' dir='ltr'>guod</span> <span class='ocrx_word' id='word_1_195' title='bbox 836 3541 937 3617; x_wconf 83' lang='lat' dir='ltr'>semel</span> <span class='ocrx_word' id='word_1_196' title='bbox 955 3541 1079 3614; x_wconf 76' lang='lat' dir='ltr'>dictum</span> <span class='ocrx_word' id='word_1_197' title='bbox 1094 3554 1167 3624; x_wconf 79' lang='lat' dir='ltr'>est,</span> <span class='ocrx_word' id='word_1_198' title='bbox 1197 3543 1350 3616; x_wconf 82' lang='lat' dir='ltr'>stabilis·</span> <span class='ocrx_word' id='word_1_199' title='bbox 1409 3541 1532 3638; x_wconf 88' lang='lat' dir='ltr'>quinto</span> <span class='ocrx_word' id='word_1_200' title='bbox 1552 3546 1628 3618; x_wconf 85' lang='lat' dir='ltr'>loco</span> <span class='ocrx_word' id='word_1_201' title='bbox 1642 3546 1815 3637; x_wconf 77' lang='lat' dir='ltr'>spondaeo</span> <span class='ocrx_word' id='word_1_202' title='bbox 1827 3558 2034 3615; x_wconf 80' lang='lat' dir='ltr'>constantem</span> <span class='ocrx_word' id='word_1_203' title='bbox 2054 3583 2067 3619; x_wconf 86' lang='lat'><strong>‚</strong></span> 
     </span>
     <span class='ocr_line' id='line_1_26' title="bbox 760 3635 2072 3739; baseline -0.01 -21"><span class='ocrx_word' id='word_1_204' title='bbox 760 3664 950 3718; x_wconf 77' lang='lat' dir='ltr'>remste-</span> <span class='ocrx_word' id='word_1_205' title='bbox 1411 3643 1615 3739; x_wconf 80' lang='lat' dir='ltr'>abantiquis</span> <span class='ocrx_word' id='word_1_206' title='bbox 1635 3645 1679 3715; x_wconf 84' lang='lat' dir='ltr'>ita</span> <span class='ocrx_word' id='word_1_207' title='bbox 1698 3638 1957 3731; x_wconf 81' lang='lat' dir='ltr'>pronunciatum</span> <span class='ocrx_word' id='word_1_208' title='bbox 1984 3635 2072 3708; x_wconf 85' lang='lat' dir='ltr'>fuis·</span> 
     </span>
     <span class='ocr_line' id='line_1_27' title="bbox 712 3736 2069 3834; baseline -0.013 -15"><span class='ocrx_word' id='word_1_209' title='bbox 712 3748 863 3819; x_wconf 76' lang='lat' dir='ltr'>Siderum</span> <span class='ocrx_word' id='word_1_210' title='bbox 879 3740 1007 3834; x_wconf 68' lang='lat' dir='ltr'>Regiae</span> <span class='ocrx_word' id='word_1_211' title='bbox 1018 3736 1160 3810; x_wconf 79' lang='lat' dir='ltr'>biterris</span> <span class='ocrx_word' id='word_1_212' title='bbox 1173 3740 1257 3815; x_wconf 81' lang='lat' dir='ltr'>stedi</span> <span class='ocrx_word' id='word_1_213' title='bbox 1266 3789 1278 3812; x_wconf 88' lang='lat'><strong>.</strong></span> <span class='ocrx_word' id='word_1_214' title='bbox 1389 3772 1391 3775; x_wconf 90' lang='grc'><em>·</em></span> <span class='ocrx_word' id='word_1_215' title='bbox 1412 3764 1448 3812; x_wconf 86' lang='lat' dir='ltr'>se</span> <span class='ocrx_word' id='word_1_216' title='bbox 1463 3788 1474 3822; x_wconf 91' lang='lat'><strong>,</strong></span> <span class='ocrx_word' id='word_1_217' title='bbox 1501 3762 1541 3815; x_wconf 91' lang='lat' dir='ltr'>ut</span> <span class='ocrx_word' id='word_1_218' title='bbox 1553 3753 1621 3815; x_wconf 80' lang='lat' dir='ltr'>&#39;una</span> <span class='ocrx_word' id='word_1_219' title='bbox 1638 3738 1768 3812; x_wconf 80' lang='lat' dir='ltr'>vocalis</span> <span class='ocrx_word' id='word_1_220' title='bbox 1781 3737 2069 3828; x_wconf 81' lang='lat' dir='ltr'>interponeretur,</span> 
     </span>
     <span class='ocr_line' id='line_1_28' title="bbox 714 3830 2071 3935; baseline -0.006 -21"><span class='ocrx_word' id='word_1_221' title='bbox 714 3839 1355 3935; x_wconf 61' lang='lat' dir='ltr'>Renetieettrttmestopets‚1liaeeqtre</span> <span class='ocrx_word' id='word_1_222' title='bbox 1413 3837 1571 3931; x_wconf 82' lang='lat' dir='ltr'>perinde·</span> <span class='ocrx_word' id='word_1_223' title='bbox 1584 3841 1679 3933; x_wconf 83' lang='lat' dir='ltr'>qussi</span> <span class='ocrx_word' id='word_1_224' title='bbox 1709 3860 1770 3930; x_wconf 78' lang='lat' dir='ltr'>pes</span> <span class='ocrx_word' id='word_1_225' title='bbox 1795 3830 1951 3929; x_wconf 83' lang='lat' dir='ltr'>dactylus</span> <span class='ocrx_word' id='word_1_226' title='bbox 1984 3846 2071 3906; x_wconf 81' lang='lat' dir='ltr'>estet</span> 
     </span>
     <span class='ocr_line' id='line_1_29' title="bbox 715 3931 2073 4033; baseline -0.006 -22"><span class='ocrx_word' id='word_1_227' title='bbox 715 3947 811 4016; x_wconf 74' lang='lat' dir='ltr'>ittera</span> <span class='ocrx_word' id='word_1_228' title='bbox 824 3953 905 4033; x_wconf 79' lang='lat' dir='ltr'>pets</span> <span class='ocrx_word' id='word_1_229' title='bbox 917 3950 1045 4007; x_wconf 76' lang='lat' dir='ltr'>mutare</span> <span class='ocrx_word' id='word_1_230' title='bbox 1058 3936 1144 4007; x_wconf 77' lang='lat' dir='ltr'>letes</span> <span class='ocrx_word' id='word_1_231' title='bbox 1162 3986 1173 4016; x_wconf 92' lang='lat'>‚</span> <span class='ocrx_word' id='word_1_232' title='bbox 1190 3953 1222 4006; x_wconf 87' lang='lat' dir='ltr'>ee</span> <span class='ocrx_word' id='word_1_233' title='bbox 1239 3938 1353 4008; x_wconf 80' lang='lat' dir='ltr'>sthene</span> <span class='ocrx_word' id='word_1_234' title='bbox 1413 3935 1486 4008; x_wconf 80' lang='lat' dir='ltr'>Lib·</span> <span class='ocrx_word' id='word_1_235' title='bbox 1503 3941 1542 4011; x_wconf 81' lang='lat' dir='ltr'>de</span> <span class='ocrx_word' id='word_1_236' title='bbox 1553 3953 1627 4009; x_wconf 75' lang='lat' dir='ltr'>sete</span> <span class='ocrx_word' id='word_1_237' title='bbox 1642 3937 1785 4009; x_wconf 76' lang='lat' dir='ltr'>Mettica</span> <span class='ocrx_word' id='word_1_238' title='bbox 1806 3937 1845 4004; x_wconf 81' lang='lat' dir='ltr'>de</span> <span class='ocrx_word' id='word_1_239' title='bbox 1860 3931 2073 4029; x_wconf 72' lang='lat' dir='ltr'>episynaloe-</span> 
     </span>
     <span class='ocr_line' id='line_1_30' title="bbox 715 4028 2077 4132; baseline -0.001 -23"><span class='ocrx_word' id='word_1_240' title='bbox 715 4036 872 4110; x_wconf 75' lang='lat' dir='ltr'>libertem</span> <span class='ocrx_word' id='word_1_241' title='bbox 887 4034 1032 4105; x_wconf 85' lang='lat' dir='ltr'>tttttniuit</span> <span class='ocrx_word' id='word_1_242' title='bbox 1046 4036 1111 4104; x_wconf 88' lang='lat' dir='ltr'>iter</span> <span class='ocrx_word' id='word_1_243' title='bbox 1124 4038 1289 4105; x_wconf 82' lang='lat' dir='ltr'>daturus.</span> <span class='ocrx_word' id='word_1_244' title='bbox 1409 4035 1478 4131; x_wconf 73' lang='lat' dir='ltr'>pla</span> <span class='ocrx_word' id='word_1_245' title='bbox 1494 4036 1576 4119; x_wconf 82' lang='lat' dir='ltr'>,vel</span> <span class='ocrx_word' id='word_1_246' title='bbox 1591 4034 1768 4106; x_wconf 78' lang='lat' dir='ltr'>Discreti.</span> <span class='ocrx_word' id='word_1_247' title='bbox 1790 4032 1916 4132; x_wconf 65' lang='lat' dir='ltr'>Neque</span> <span class='ocrx_word' id='word_1_248' title='bbox 1933 4032 2020 4101; x_wconf 81' lang='lat' dir='ltr'>esim</span> <span class='ocrx_word' id='word_1_249' title='bbox 2039 4028 2077 4107; x_wconf 67' lang='lat' dir='ltr'>l}</span> 
     </span>
     <span class='ocr_line' id='line_1_31' title="bbox 718 4129 2077 4231; baseline -0.007 -25"><span class='ocrx_word' id='word_1_250' title='bbox 718 4131 880 4222; x_wconf 66' lang='lat' dir='ltr'>Romulae</span> <span class='ocrx_word' id='word_1_251' title='bbox 890 4133 988 4224; x_wconf 78' lang='lat' dir='ltr'>genti</span> <span class='ocrx_word' id='word_1_252' title='bbox 1009 4133 1109 4211; x_wconf 79' lang='lat' dir='ltr'>dete.</span> <span class='ocrx_word' id='word_1_253' title='bbox 1129 4152 1263 4229; x_wconf 73' lang='lat' dir='ltr'>temque</span> <span class='ocrx_word' id='word_1_254' title='bbox 1277 4148 1357 4231; x_wconf 88' lang='lat' dir='ltr'>pto·</span> <span class='ocrx_word' id='word_1_255' title='bbox 1414 4135 1530 4230; x_wconf 75' lang='lat' dir='ltr'>quiere</span> <span class='ocrx_word' id='word_1_256' title='bbox 1549 4135 1683 4227; x_wconf 81' lang='lat' dir='ltr'>regione</span> <span class='ocrx_word' id='word_1_257' title='bbox 1697 4131 1814 4204; x_wconf 79' lang='lat' dir='ltr'>veretri</span> <span class='ocrx_word' id='word_1_258' title='bbox 1839 4129 1966 4201; x_wconf 83' lang='lat' dir='ltr'>heroici</span> <span class='ocrx_word' id='word_1_259' title='bbox 1980 4144 2077 4226; x_wconf 80' lang='lat' dir='ltr'>spos·</span> 
     </span>
    </p>
   </div>
   <div class='ocr_carea' id='block_1_6' title="bbox 744 4227 2209 4330">
    <p class='ocr_par' dir='ltr' id='par_1_10' title="bbox 744 4227 2209 4330">
     <span class='ocr_line' id='line_1_32' title="bbox 744 4227 2209 4330; baseline -0.005 -27"><span class='ocrx_word' id='word_1_260' title='bbox 744 4232 904 4325; x_wconf 82' lang='lat' dir='ltr'>lemque,</span> <span class='ocrx_word' id='word_1_261' title='bbox 929 4243 963 4297; x_wconf 88' lang='lat' dir='ltr'>et</span> <span class='ocrx_word' id='word_1_262' title='bbox 983 4230 1217 4301; x_wconf 62' lang='lat' dir='ltr'>decessisset</span> <span class='ocrx_word' id='word_1_263' title='bbox 1415 4235 1535 4306; x_wconf 77' lang='lat' dir='ltr'>darete</span> <span class='ocrx_word' id='word_1_264' title='bbox 1561 4248 1684 4330; x_wconf 82' lang='lat' dir='ltr'>postte</span> <span class='ocrx_word' id='word_1_265' title='bbox 1712 4231 1812 4301; x_wconf 76' lang='lat' dir='ltr'>tetris</span> <span class='ocrx_word' id='word_1_266' title='bbox 1829 4244 1930 4311; x_wconf 84' lang='lat' dir='ltr'>erat,</span> <span class='ocrx_word' id='word_1_267' title='bbox 1953 4232 2010 4299; x_wconf 82' lang='lat' dir='ltr'>sed</span> <span class='ocrx_word' id='word_1_268' title='bbox 2027 4227 2075 4296; x_wconf 76' lang='lat' dir='ltr'>ira</span> <span class='ocrx_word' id='word_1_269' title='bbox 2205 4302 2209 4309; x_wconf 65' lang='grc'>,</span> 
     </span>
    </p>
   </div>
   <div class='ocr_carea' id='block_1_7' title="bbox 688 4323 2083 5117">
    <p class='ocr_par' dir='ltr' id='par_1_11' title="bbox 688 4323 2083 5117">
     <span class='ocr_line' id='line_1_33' title="bbox 688 4323 2077 4428; baseline -0.007 -28"><span class='ocrx_word' id='word_1_270' title='bbox 688 4358 694 4368; x_wconf 82' lang='grc'><em>·</em></span> <span class='ocrx_word' id='word_1_271' title='bbox 719 4341 864 4428; x_wconf 72' lang='lat' dir='ltr'>respersi</span> <span class='ocrx_word' id='word_1_272' title='bbox 877 4323 1021 4396; x_wconf 79' lang='lat' dir='ltr'>bellante</span> <span class='ocrx_word' id='word_1_273' title='bbox 1032 4327 1127 4423; x_wconf 85' lang='lat' dir='ltr'>prior</span> <span class='ocrx_word' id='word_1_274' title='bbox 1142 4373 1152 4406; x_wconf 94' lang='lat'><strong>‚</strong></span> <span class='ocrx_word' id='word_1_275' title='bbox 1166 4329 1330 4410; x_wconf 70' lang='lat' dir='ltr'>iacentem</span> <span class='ocrx_word' id='word_1_276' title='bbox 1344 4374 1358 4399; x_wconf 83' lang='lat'><strong>.</strong></span> <span class='ocrx_word' id='word_1_277' title='bbox 1385 4358 1388 4363; x_wconf 93' lang='lat'>·</span> <span class='ocrx_word' id='word_1_278' title='bbox 1416 4345 1524 4404; x_wconf 77' lang='lat' dir='ltr'>remeet</span> <span class='ocrx_word' id='word_1_279' title='bbox 1536 4352 1653 4401; x_wconf 78' lang='lat' dir='ltr'>sersus</span> <span class='ocrx_word' id='word_1_280' title='bbox 1664 4328 1853 4413; x_wconf 67' lang='lat' dir='ltr'>hujusmet·</span> <span class='ocrx_word' id='word_1_281' title='bbox 1863 4329 1938 4406; x_wconf 81' lang='lat' dir='ltr'>illes</span> <span class='ocrx_word' id='word_1_282' title='bbox 1950 4324 2077 4398; x_wconf 82' lang='lat' dir='ltr'>voletis·</span> 
     </span>
     <span class='ocr_line' id='line_1_34' title="bbox 721 4424 2075 4523; baseline -0.01 -21"><span class='ocrx_word' id='word_1_283' title='bbox 721 4439 794 4509; x_wconf 79' lang='lat' dir='ltr'>Jate</span> <span class='ocrx_word' id='word_1_284' title='bbox 810 4424 924 4506; x_wconf 78' lang='lat' dir='ltr'>meti,</span> <span class='ocrx_word' id='word_1_285' title='bbox 942 4438 1095 4521; x_wconf 76' lang='lat' dir='ltr'>utreque</span> <span class='ocrx_word' id='word_1_286' title='bbox 1111 4447 1229 4498; x_wconf 77' lang='lat' dir='ltr'>matut</span> <span class='ocrx_word' id='word_1_287' title='bbox 1236 4443 1357 4523; x_wconf 82' lang='lat' dir='ltr'>poten·</span> <span class='ocrx_word' id='word_1_288' title='bbox 1417 4430 1621 4501; x_wconf 75' lang='lat' dir='ltr'>aescendere</span> <span class='ocrx_word' id='word_1_289' title='bbox 1635 4450 1733 4506; x_wconf 83' lang='lat' dir='ltr'>teor,</span> <span class='ocrx_word' id='word_1_290' title='bbox 1760 4441 1799 4499; x_wconf 89' lang='lat' dir='ltr'>tte</span> <span class='ocrx_word' id='word_1_291' title='bbox 1813 4429 1929 4499; x_wconf 76' lang='lat' dir='ltr'>addita</span> <span class='ocrx_word' id='word_1_292' title='bbox 1950 4426 1984 4494; x_wconf 85' lang='lat' dir='ltr'>in</span> <span class='ocrx_word' id='word_1_293' title='bbox 1997 4437 2075 4491; x_wconf 83' lang='lat' dir='ltr'>sone</span> 
     </span>
     <span class='ocr_line' id='line_1_35' title="bbox 746 4518 2075 4621; baseline -0.007 -20"><span class='ocrx_word' id='word_1_294' title='bbox 746 4547 795 4601; x_wconf 82' lang='lat' dir='ltr'>ees</span> <span class='ocrx_word' id='word_1_295' title='bbox 811 4573 823 4596; x_wconf 87' lang='lat'><strong>.</strong></span> <span class='ocrx_word' id='word_1_296' title='bbox 1417 4528 1534 4614; x_wconf 77' lang='lat' dir='ltr'>vocali</span> <span class='ocrx_word' id='word_1_297' title='bbox 1546 4576 1558 4608; x_wconf 86' lang='lat'>,</span> <span class='ocrx_word' id='word_1_298' title='bbox 1576 4549 1677 4621; x_wconf 80' lang='lat' dir='ltr'>quaes</span> <span class='ocrx_word' id='word_1_299' title='bbox 1693 4548 1758 4596; x_wconf 81' lang='lat' dir='ltr'>etse</span> <span class='ocrx_word' id='word_1_300' title='bbox 1771 4524 1983 4600; x_wconf 74' lang='lat' dir='ltr'>scribebant,</span> <span class='ocrx_word' id='word_1_301' title='bbox 2013 4518 2075 4592; x_wconf 70' lang='lat' dir='ltr'>ie·</span> 
     </span>
     <span class='ocr_line' id='line_1_36' title="bbox 722 4612 2080 4725; baseline -0.011 -28"><span class='ocrx_word' id='word_1_302' title='bbox 722 4617 1098 4718; x_wconf 59' lang='lat' dir='ltr'>animaliumque</span> <span class='ocrx_word' id='word_1_303' title='bbox 1111 4621 1359 4703; x_wconf 74' lang='lat' dir='ltr'>tinetterrrren</span> <span class='ocrx_word' id='word_1_304' title='bbox 1419 4621 1524 4725; x_wconf 71' lang='lat' dir='ltr'>etylp&#39;s</span> <span class='ocrx_word' id='word_1_305' title='bbox 1539 4625 1677 4722; x_wconf 82' lang='lat' dir='ltr'>potius,</span> <span class='ocrx_word' id='word_1_306' title='bbox 1702 4623 1993 4721; x_wconf 75' lang='lat' dir='ltr'>quamspstrdaerts</span> <span class='ocrx_word' id='word_1_307' title='bbox 2013 4612 2080 4686; x_wconf 81' lang='lat' dir='ltr'>eti·</span> 
     </span>
     <span class='ocr_line' id='line_1_37' title="bbox 725 4720 2078 4819; baseline -0.013 -20"><span class='ocrx_word' id='word_1_308' title='bbox 725 4732 799 4799; x_wconf 80' lang='lat' dir='ltr'>lest</span> <span class='ocrx_word' id='word_1_309' title='bbox 820 4720 959 4815; x_wconf 79' lang='lat' dir='ltr'>Seyrlrae</span> <span class='ocrx_word' id='word_1_310' title='bbox 973 4736 1127 4819; x_wconf 75' lang='lat' dir='ltr'>respousa</span> <span class='ocrx_word' id='word_1_311' title='bbox 1147 4735 1268 4819; x_wconf 79' lang='lat' dir='ltr'>petest</span> <span class='ocrx_word' id='word_1_312' title='bbox 1281 4767 1294 4805; x_wconf 89' lang='lat'><strong><em>‚</em></strong></span> <span class='ocrx_word' id='word_1_313' title='bbox 1307 4743 1363 4793; x_wconf 83' lang='lat' dir='ltr'>stt·</span> <span class='ocrx_word' id='word_1_314' title='bbox 1420 4736 1521 4798; x_wconf 82' lang='lat' dir='ltr'>rteeet</span> <span class='ocrx_word' id='word_1_315' title='bbox 1535 4774 1548 4807; x_wconf 86' lang='lat'>,</span> <span class='ocrx_word' id='word_1_316' title='bbox 1563 4722 1664 4796; x_wconf 83' lang='lat' dir='ltr'>uerbi</span> <span class='ocrx_word' id='word_1_317' title='bbox 1673 4723 1787 4819; x_wconf 77' lang='lat' dir='ltr'>gretia</span> <span class='ocrx_word' id='word_1_318' title='bbox 1800 4768 1811 4800; x_wconf 89' lang='lat'>,</span> <span class='ocrx_word' id='word_1_319' title='bbox 1825 4733 2078 4794; x_wconf 75' lang='lat' dir='ltr'>rursurcsrro.</span> 
     </span>
     <span class='ocr_line' id='line_1_38' title="bbox 747 4806 2080 4919; baseline -0.019 -15"><span class='ocrx_word' id='word_1_320' title='bbox 747 4819 873 4919; x_wconf 62' lang='lat' dir='ltr'>peril·</span> <span class='ocrx_word' id='word_1_321' title='bbox 1424 4806 1679 4905; x_wconf 73' lang='lat' dir='ltr'>rudsssusrtrs</span> <span class='ocrx_word' id='word_1_322' title='bbox 1718 4867 1730 4901; x_wconf 89' lang='lat'><strong>,</strong></span> <span class='ocrx_word' id='word_1_323' title='bbox 1770 4833 2031 4887; x_wconf 78' lang='lat' dir='ltr'>rsrsasrscrsr</span> <span class='ocrx_word' id='word_1_324' title='bbox 2067 4853 2080 4893; x_wconf 80' lang='grc'><strong>.</strong></span> 
     </span>
     <span class='ocr_line' id='line_1_39' title="bbox 704 4908 2082 5009; baseline -0.003 -27"><span class='ocrx_word' id='word_1_325' title='bbox 704 4920 892 4999; x_wconf 57' lang='lat' dir='ltr'>..Priscum</span> <span class='ocrx_word' id='word_1_326' title='bbox 910 4915 1365 5009; x_wconf 73' lang='lat' dir='ltr'>erueglectarerlirevirtter.</span> <span class='ocrx_word' id='word_1_327' title='bbox 1425 4940 1718 4997; x_wconf 70' lang='lat' dir='ltr'>assernerunt,</span> <span class='ocrx_word' id='word_1_328' title='bbox 1750 4930 1785 4983; x_wconf 88' lang='lat' dir='ltr'>et</span> <span class='ocrx_word' id='word_1_329' title='bbox 1823 4934 1885 5004; x_wconf 84' lang='lat' dir='ltr'>per</span> <span class='ocrx_word' id='word_1_330' title='bbox 1923 4908 2082 5006; x_wconf 85' lang='lat' dir='ltr'>synaloe·</span> 
     </span>
     <span class='ocr_line' id='line_1_40' title="bbox 731 5006 2083 5117; baseline -0.007 -28"><span class='ocrx_word' id='word_1_331' title='bbox 731 5019 878 5099; x_wconf 65' lang='lat' dir='ltr'>Audet,</span> <span class='ocrx_word' id='word_1_332' title='bbox 904 5030 1107 5115; x_wconf 76' lang='lat' dir='ltr'>apparetque</span> <span class='ocrx_word' id='word_1_333' title='bbox 1120 5013 1219 5092; x_wconf 77' lang='lat' dir='ltr'>beata</span> <span class='ocrx_word' id='word_1_334' title='bbox 1239 5007 1365 5114; x_wconf 72' lang='lat' dir='ltr'>puer.</span> <span class='ocrx_word' id='word_1_335' title='bbox 1426 5024 1530 5117; x_wconf 67' lang='lat' dir='ltr'>phana</span> <span class='ocrx_word' id='word_1_336' title='bbox 1556 5031 1804 5116; x_wconf 71' lang='lat' dir='ltr'>essarrorum</span> <span class='ocrx_word' id='word_1_337' title='bbox 1827 5059 1839 5083; x_wconf 90' lang='lat'><strong>.</strong></span> <span class='ocrx_word' id='word_1_338' title='bbox 1863 5010 1967 5102; x_wconf 70' lang='lat' dir='ltr'>Qus</span> <span class='ocrx_word' id='word_1_339' title='bbox 2008 5006 2083 5092; x_wconf 65' lang='lat' dir='ltr'>idn</span> 
     </span>
    </p>
   </div>
   <div class='ocr_carea' id='block_1_8' title="bbox 0 0 2592 6228">
    <p class='ocr_par' dir='ltr' id='par_1_12' title="bbox 0 0 2592 6228">
     <span class='ocr_line' id='line_1_41' title="bbox 0 0 2592 6228; baseline 0 0"><span class='ocrx_word' id='word_1_340' title='bbox 0 0 2592 6228; x_wconf 95' lang='lat' dir='ltr'> </span> 
     </span>
    </p>
   </div>
  </div>
 </body>
</html>
