5084 6234
666 826 751 918 166
1093 820 1201 907 DE
1259 820 1623 911 HYMN'IS

656 966 798 1089 paucis
812 958 1067 1051 Bibliothecis
1102 961 1226 1048 latet.
1255 966 1461 1049 Praeterea
1496 994 1582 1049 non
1602 963 1704 1052 adeo
1734 988 1833 1053 sunt
1861 994 1908 1053 ea
1925 972 2066 1060 verbs*

658 1091 795 1186 clara,
824 1110 872 1169 ut
892 1114 941 1169 ex
957 1084 1013 1168 eis
1028 1084 1244 1171 inuentum
1263 1078 1471 1169 Guidonis
1486 1084 1607 1170 fuisse
1628 1112 1796 1202 negetur
1811 1116 1909 1173 usus
1923 1149 1937 1188 ‚
1951 1080 2053 1202 qua·

657 1207 705 1294 lis
723 1234 836 1290 nune
854 1203 990 1320 viget,
1015 1231 1082 1289 sex
1101 1225 1292 1287 notarum
1304 1199 1581 1305 musicarum,
1611 1229 1651 1290 et
1666 1203 1876 1321 appellatio
1889 1235 2048 1292 earum·

658 1327 751 1412 dem
780 1354 829 1410 ex
866 1324 1024 1435 hymno
1055 1326 1095 1408 S.
1120 1320 1290 1419 ioannis
1321 1318 1555 1434 Baptistae.
1591 1324 1753 1410 isaacus
1780 1324 1950 1413 Vossius
1974 1327 2051 1444 (ι)

656 1440 910 1561 Aegyptios,
937 1440 1119 1553 aliosque
1138 1443 1339 1529 Barbaros
1367 1464 1459 1524 ante
1478 1440 1716 1526 Guidonem
1733 1444 1874 1529 eadem
1894 1442 2051 1532 rationu
2099 1538 2102 1543 ,

577 1586 579 1589 ⁴
654 1565 854 1653 musicam
869 1562 1051 1648 docuisse
1083 1560 1241 1660 trudit.;¹
1261 1560 1333 1645 sed
1350 1558 1435 1643 loca
1463 1588 1711 1663 auctorum,
1748 1590 1856 1674 quae
1871 1593 1948 1681 pro
1974 1591 2052 1651 suu

658 1682 854 1800 opinione
888 1680 1076 1798 producit
1109 1738 1121 1777 ‚
1151 1679 1280 1765 multo
1311 1703 1410 1764 sunt
1440 1678 1689 1783 incertiora,
1718 1702 1759 1766 et
1787 1682 2055 1788 obscuriore.

657 1831 785 1917 quam
812 1830 919 1915 quae
959 1801 1008 1886 de
1042 1799 1238 1885 Guidone
1271 1796 1536 1912 proferuntur
1570 1859 1580 1882 .
1630 1797 1787 1890 invidia
1821 1825 1925 1885 certe
1970 1826 2073 1903 ’,ει

658 1920 837 2020 odium,
872 1946 959 2030 quo
985 1918 1103 2005 ceteri
1131 1914 1327 2003 monaehi
1348 1914 1585 2003 Guidonem
1614 1919 1810 2035 persecuti
1827 1941 1954 2020 sunt,
1989 1948 2058 2005 ar-

656 2062 899 2156 gumentum
916 2066 1000 2123 non
1019 2036 1101 2125 leve
1127 2059 1213 2137 est,
1228 2064 1325 2119 eum
1341 2034 1445 2119 inter
1464 2034 1638 2151 reliquos
1662 2041 1778 2155 longe
1796 2037 2054 2141 excelluisse,

655 2157 746 2246 sive
766 2155 960 2241 musicam
976 2180 1152 2245 veterem
1171 2156 1310 2265 aliqua
1326 2181 1376 2239 ex
1392 2178 1502 2269 parte
1533 2158 1782 2258 restituerit,
1800 2154 1882 2245 sive
1904 2185 2070 2248 novam·

705 2285 821 2361 orsus
840 2275 1066 2363 invenerit.
1097 2278 1174 2361 Sex
1192 2298 1329 2359 autem
1347 2273 1434 2389 ejus
1453 2274 1559 2359 notis
1578 2275 1739 2363 musicis
1755 2275 1965 2393 septimam
1985 2274 2073 2361 ad·.

672 2392 749 2479 ecit
784 2391 941 2507 Erycus
964 2397 1170 2481 Puteanus
1186 2394 1292 2511 (α),
1321 2422 1554 2511 nomenque
1587 2426 1635 2483 ex
1652 2396 1794 2480 eodem
1826 2395 2057 2493 &ioannis
2136 2460 2139 2463 -

654 2423 817 2624 itymno
834 2512 1023 2629 imposuit
1037 2514 1087 2598 Bi
1118 2542 1167 2598 ex
1182 2513 1275 2597 labii
1302 2533 1451 2599 rentum
1466 2577 1480 2616 ,
1498 2543 1604 2629 quae
1621 2514 1833 2626 aliquoties
1863 2540 2065 2603 mutatur·

655 2631 704 2716 in
718 2632 766 2719 ci
785 2693 796 2715 .
827 2635 890 2718 Ex
910 2661 996 2745 quo
1009 2629 1285 2717 solertissimus
1301 2635 1532 2721 Newtonus
1566 2628 1786 2718 numerum
1802 2631 2056 2722 diversarum

656 2774 855 2837 notarum
885 2748 1135 2834 musicarum
1153 2778 1325 2835 numero
1341 2753 1523 2838 colorum
1542 2751 1828 2838 distinctorum
1848 2752 2059 2865 aequalem

656 2866 1018 2971 remuneravit,
1036 2896 1308 2983 mutuamque
1326 2871 1631 2990 proportionem
1651 2869 1808 2961 invenit
1824 2870 1906 2989 (a).
1929 2870 2076 2958 Paulo·

676 3166 683 3177 ‚
710 3093 764 3178 (r)
793 3084 868 3158 Lib.
886 3086 928 3156 de
944 3101 1121 3177 poemat„
1150 3102 1251 3159 cantu
1268 3104 1330 3171 ‚et
1389 3109 1464 3159 snae
1480 3088 1569 3182 apud
1596 3083 1734 3158 Fabium
1760 3086 1801 3157 de
1831 3086 2075 3173 1a1c01669’,

657 3177 793 3257 sitibus
810 3183 988 3278 rhythmi.
1389 3186 1424 3275 is
1441 3212 1475 3281 4.
1490 3184 1547 3255 De
1563 3186 1625 3256 hac
1641 3208 1728 3256 nova
1744 3185 1831 3257 Arte
1847 3232 1857 3268 ,
1875 3174 2067 3261 Caramue‘.

679 3353 684 3362 ,
709 3287 764 3376 te)
796 3283 995 3353 Musathena
1011 3305 1089 3377 pag.
1108 3302 1167 3379 34.
1390 3282 1500 3375 lisque
1519 3280 1740 3375 Compendio
1788 3286 1932 3358 musices
1960 3264 2063 3378 perit'

711 3388 762 3472 (a)
790 3379 976 3452 Novitates
1009 3379 1041 3451 in
1080 3403 1116 3450 re
1157 3378 1331 3451 musicas
1390 3381 1614 3464 judicabunt.
1647 3380 2061 3477 Cinrreagafflivoiu·

663 3471 828 3553 Guidone
859 3477 1008 3550 in‘vecta‘s
1035 3477 1233 3550 Caramueli
1263 3478 1331 3549 dis·
1391 3479 1487 3554 ziani
1519 3476 1571 3549 dei
1603 3484 1720 3551 Teatro
1747 3493 1824 3575 erp.
1856 3506 1894 3575 4.
1921 3494 1958 3575 p.
1981 3484 2064 3550 162.

691 3577 826 3662 licuisse
855 3576 911 3648 vei
940 3600 981 3650 ex
1011 3575 1086 3671 ipso
1099 3576 1203 3650 titulo
1232 3581 1332 3659 hujus
1394 3576 2064 3673 tom.1.)phiiosophicoquodamno·

663 3601 746 3751 iibri
776 3697 991 3765 compertum
1007 3695 1057 3749 est
1072 3704 1082 3746 r
1098 3687 1190 3749 Arte
1221 3697 1332 3747 sueva
1395 3678 1454 3751 stri
1470 3674 1576 3748 seculi
1594 3700 1709 3761 more,
1728 3702 1766 3750 ac
1784 3675 1922 3751 licentia
1937 3699 2003 3747 non
2020 3675 2066 3746 le·

665 3769 706 3847 d'e
735 3774 862 3847 murice
904 3776 1083 3847 inventaria
1112 3778 1174 3849 ario
1192 3779 1231 3847 de
1250 3782 1337 3846 600.
1394 3776 1487 3850 viter
1504 3772 1537 3845 in
1553 3776 1619 3847 hoc
1633 3794 1835 3868 argumento
1851 3790 1967 3850 errat.
1995 3773 2066 3846 Pe·

663 3888 729 3973 ρον
759 3880 789 3941 S.
809 3874 971 3968 Gregorio
990 3873 1193 3957 eiurante,
1220 3877 1335 3957 Monie
1395 3893 1486 3948 trum
1506 3875 1549 3944 de
1566 3872 1677 3947 Urefia
1695 3898 1781 3946 anno
1801 3893 1907 3961 ¹5²0·
1932 3871 1965 3944 in
1999 3872 2068 3945 ita·

667 3970 777 4061 mi·
794 3975 834 4039 P.
851 3978 883 4040 S.
899 3972 1017 4042 Beniro
1033 4021 1044 4053 ‚
1056 3992 1081 4065 y
1096 3974 1232 4068 despues
1247 3981 1336 4043 Pon·
1403 3971 1446 4045 iia
1459 3970 1584 4046 vixisse
1602 4021 1614 4056 ,
1642 3992 1755 4045 notam
1773 3972 1953 4062 septimam
1971 3970 2067 4064 prio·

669 4065 760 4154 ruite
773 4068 939 4149 Maximo,
954 4072 1206 4142 desconcerrada
1218 4070 1281 4143 aso
1300 4073 1340 4141 de
1402 4074 1493 4144 ribus
1506 4092 1564 4141 set
1579 4072 1742 4155 adjecisse
1758 4073 1927 4146 affirmat.
1956 4066 2068 4167 Atqui

670 4188 786 4244 που.
810 4180 878 4261 pot
892 4168 1024 4241 Gnidon
1040 4169 1190 4241 aretino
1207 4218 1218 4250 ,
1250 4168 1340 4255 Reii·
1401 4173 1522 4245 Petrus
1537 4169 1594 4242 ille
1610 4174 1652 4241 de
1667 4170 1778 4243 Urer'ra
1795 4170 2013 4247 Caramuelis
2030 4170 2065 4242 iu

670 4266 767 4367 giers
782 4265 821 4335 de
839 4265 872 4335 ra
890 4266 1006 4338 misma
1028 4269 1158 4349 orden,
1184 4290 1211 4362 y
1231 4269 1344 4340 Masi·
1405 4267 1532 4343 musica
1553 4267 1714 4361 magister
1724 4294 1810 4343 anno
1830 4279 1937 4346 1610.
1946 4290 2070 4345 noram

671 4386 712 4440 co
738 4360 906 4437 excelente
941 4385 981 4435 en
1015 4386 1053 4435 stt
1080 4366 1231 4462 nempe,
1291 4387 1345 4436 re·
1405 4393 1500 4443 suam
1527 4368 1646 4441 Artem
1675 4368 1861 4454 condidit,
1887 4396 1964 4447 curn
2002 4368 2072 4449 im

671 4463 813 4539 reiraida
849 4485 870 4534 a
907 4466 1121 4561 inprimere
1156 4460 1344 4563 perfectiori
1374 4464 1376 4469 ’
1407 4490 1494 4541 anno
1516 4472 1621 4539 1602.
1636 4467 1815 4542 Hanoviae
1829 4472 1920 4569 typis
1933 4465 2074 4537 weche-

672 4564 737 4639 ano
766 4563 805 4635 de
838 4567 942 4638 1610.
964 4577 1029 4661 por
1057 4564 1276 4659 Fraey'vedru
1308 4565 1347 4634 de
1411 4568 1504 4642 lienis
1518 4565 1699 4657 prodiisset
1716 4567 1820 4666 Eryci
1834 4555 2080 4640 Puteanthro'

672 4662 818 4745 wera,
847 4664 964 4747 Mortis
1001 4664 1252 4745 cisterciense,
1281 4663 1347 4749 iiio
1409 4665 1576 4740 sarissas
1605 4666 1678 4740 siue
1708 4683 1863 4742 notarum
1886 4672 2012 4758 ereptas
2029 4653 2076 4728 ad

675 4764 877 4850 &suestre
907 4761 990 4847 lies!
1017 4762 1225 4835 Moscsterio
1251 4764 1292 4833 de
1318 4763 1352 4833 la
1412 4763 1788 4853 harmonicaelettionis
1817 4752 2084 4858 novenarius
2184 4805 2191 4814 ·

675 4864 812 4958 arpina,
826 4862 983 4932 reducitis
1009 4886 1030 4933 n
1049 4877 1114 4933 erte
1129 4860 1230 4934 breve
1259 4869 1352 4934 Com·
1412 4867 1509 4940 ciiem
1525 4890 1632 4939 usum.
1641 4861 1746 4947 Quod
1759 4885 1847 4953 opus
1864 4883 1950 4932 anno
1969 4878 2076 4944 1599.

673 4960 795 5059 pendis
823 4958 884 5031 aiio
913 4960 952 5031 de
972 4965 1151 5058 1644.p0r
1163 4968 1190 5033 1.
1212 4968 1246 5031 c.
1262 4962 1351 5045 Reli·
1413 4964 1598 5036 Vincentio
1631 4956 1763 5057 Pineiio
1777 4958 1881 5031 video
1900 4957 2077 5038 dicatum3

673 5058 773 5157 ‘iore
798 5060 853 5138 titi
888 5060 1005 5136 nunt
1032 5057 1265 5133 neustriis.
1289 5068 1354 5151 lte·
1379 5109 1382 5118 -
1411 5061 1448 5141 in
1476 5083 1547 5162 quo
1574 5058 1745 5135 Puteanus
1775 5072 1850 5162 cap.
1872 5080 1905 5137 r.
1937 5083 1948 5134 t
1979 5063 2080 5134 con·
