5084 6234
1906 846 2979 940 GOTHORUM
3660 881 3823 971 375

1057 993 1184 1081 r-i.
1235 988 1580 1082 Ecclesia
1614 1015 1809 1079 vero
1868 989 2321 1095 catholica,
2396 989 2608 1079 sicut
2661 1022 2801 1108 per
2865 1018 3131 1080 totum
3190 987 3602 1076 mundum
3641 1020 3833 1078 ten

1026 1110 1278 1216 ,ditur
1315 1175 1342 1215 ,
1418 1111 1524 1198 ita
1562 1133 1638 1195 et
1706 1107 2078 1195 omnium
2137 1110 2505 1229 gentium
2573 1112 2943 1199 societate
3005 1108 3587 1197 constituitur.
3659 1116 3821 1198 Re-

1055 1256 1176 1318 cte
1243 1261 1433 1364 ergo
1506 1233 1859 1314 haereses
1923 1227 2008 1312 in
2040 1230 2463 1333 cavernis,
2497 1230 2801 1345 quibus
2859 1232 3161 1330 latent,
3194 1256 3819 1347 congregantex

1055 1376 1282 1469 parte
1341 1347 1764 1436 divitias.
1839 1347 2179 1434 Ecclesia
2247 1375 2517 1435 autem
2584 1349 2974 1436 catholica
3045 1348 3130 1432 in
3185 1347 3505 1466 specula
3570 1349 3823 1440 totius

1051 1468 1346 1556 mundi
1421 1466 1892 1582 locupletata
1948 1468 2550 1585 supergreditur
2603 1468 3021 1557 universas
3090 1527 3112 1552 .

1165 1614 1252 1702 4.
1314 1586 1610 1674 Exulta
1674 1617 1862 1704 ergo
1898 1651 1925 1690 ,
2009 1613 2092 1671 et
2151 1585 2437 1673 laetare
2476 1586 2823 1673 Ecclesia
2883 1588 3094 1686 Dei3
3130 1584 3455 1701 gaude,
3508 1596 3587 1673 et
3614 1614 3824 1671 con-

1044 1733 1281 1819 surge
1346 1734 1614 1790 unum
1677 1736 1969 1839 corpus
2030 1703 2410 1804 Christi;
2480 1706 2815 1791 induere
2845 1704 3384 1805 fortitudine,
3435 1729 3515 1792 et
3557 1704 3819 1820 jubila

1045 1823 1600 1926 exultatione3
1662 1824 2061 1938 quoniam
2126 1823 2241 1910 tui
2305 1838 2706 1910 moerores
2768 1824 2854 1909 in
2919 1822 3322 1957 gaudium
3382 1848 3581 1911 sunt
3644 1853 3821 1908 mu-

1049 1941 1260 2044 tati,
1327 1942 1683 2030 tristitiae
1752 1943 2128 2029 habitum
2231 1943 2317 2027 in
2369 1942 2753 2031 amictum
2842 1940 3183 2029 laetitiae
3245 1972 3575 2030 versum
3633 1967 3809 2031 est.

1042 2060 1252 2148 Ecce
1318 2089 1638 2196 repente
1699 2061 1943 2150 oblita
1978 2060 2460 2165 sterilitatis,
2509 2087 2587 2150 et
2643 2059 3136 2179 paupertatis
3185 2085 3372 2148 tuae
3408 2092 3586 2148 uno
3639 2090 3820 2176 par-

1041 2200 1139 2264 tu
1197 2182 1541 2297 populos
1606 2178 2076 2268 innumeros
2144 2181 2492 2299 genuisti
2555 2180 2893 2270 Christo
2940 2207 3141 2270 tuo.
3203 2182 3421 2265 Nam
3483 2180 3819 2295 dispen-

1042 2275 1198 2382 diis
1253 2301 1415 2387 tuis
1471 2299 1847 2416 proficis,
1909 2326 2224 2410 tuoque
2292 2302 2595 2386 damno
2659 2298 3171 2387 subcrescis·
3148 2360 3177 2398 ,
3242 2322 3524 2385 tantus
3570 2298 3814 2384 deni·-

1042 2443 1203 2525 que
1270 2442 1384 2503 est
1439 2446 1788 2533 sponsus
1851 2442 2104 2520 tuuS,
2139 2418 2376 2529 cujus
2410 2416 2743 2534 imperio
2776 2416 3060 2532 regeris
3093 2474 3121 2513 ,
3192 2440 3287 2502 ut
3321 2416 3527 2502 dum
3555 2440 3629 2501 te
3662 2444 3819 2530 pa·

1038 2531 1292 2619 riatur
1349 2534 1819 2652 depraedari
1883 2538 1991 2622 ad
2049 2538 2519 2641 modicum,
2559 2564 2882 2623 rursum
2945 2532 3337 2672 praedam
3411 2559 3642 2622 tuam
3698 2535 3809 2620 ad

1036 2673 1109 2736 te
1172 2653 1564 2756 reducat,
1635 2680 1714 2741 et
1760 2655 2024 2744 hostes
2083 2681 2270 2745 tuos
2333 2658 2478 2745 tibi
2540 2655 3034 2768 conquirat.
3100 2655 3228 2741 Sic
3292 2677 3565 2740 autem
3598 2652 3816 2765 agri-

1037 2771 1272 2872 cola,
1332 2773 1442 2860 sic
1503 2773 1910 2890 piscator,
1979 2776 2175 2862 dum
2239 2776 2462 2864 lucra
2528 2773 2870 2863 attendit
2911 2772 3254 2875 futura,
3304 2800 3520 2884 quae
3580 2773 3813 2860 semi·

1038 2914 1244 2992 nat,
1308 2918 1388 2979 et
1446 2920 1657 3006 quae
1724 2894 2019 2981 amodo
2083 2895 2527 2996 incesserit,
2601 2921 2770 2978 non
2854 2894 3201 3007 imputat
3259 2894 3610 2978 damna.
3675 2890 3811 2976 Tu

1031 3007 1380 3121 proinde
1443 3010 1609 3123 jam
1675 3039 1776 3095 ne
1837 3011 2082 3117 fleas,
2129 3045 2229 3098 ne
2273 3013 2545 3128 lugeas
2575 3011 3172 3145 temporaliter,
3232 3010 3631 3124 quosdam
3681 3037 3812 3095 re·
3863 3048 3876 3058 ·

1035 3127 1342 3213 cessisse
1403 3157 1451 3210 a
1513 3157 1646 3226 te,
1695 3156 1905 3240 quos
1969 3130 2230 3217 cernis
2267 3159 2462 3216 cum
2523 3130 2837 3246 magnis
2874 3129 3117 3215 lucris
3171 3127 3489 3215 rediisse
3529 3129 3637 3213 ad
3672 3152 3808 3213 te.

1157 3270 1236 3355 5.
1306 3244 1595 3332 Exulta
1661 3275 1848 3362 ergo
1915 3248 2103 3334 fidei
2163 3247 2720 3349 confidentia,
2783 3273 2863 3335 et
2921 3244 3045 3335 tui
3102 3245 3386 3363 capitis
3451 3245 3748 3334 merito·
3778 3308 3809 3348 ,

1033 3360 1190 3448 fide
1248 3394 1417 3452 esto
1484 3366 1871 3464 robusta;
1934 3367 2134 3455 dum
2164 3398 2376 3485 quae
2413 3365 2688 3455 recolis
2753 3366 2944 3455 olim
2981 3364 3510 3500 repro-missa,
3578 3391 3806 3450 nunc
3862 3422 3872 3432 -

1037 3482 1297 3568 cernis
1364 3484 1600 3571 fuisse
1665 3485 2145 3601 completa.
2207 3488 2353 3575 Ait
2414 3487 2635 3570 enim
2698 3486 2784 3572 in
2848 3484 3286 3603 Evangelio
3353 3482 3526 3600 ipsa
3586 3480 3813 3570 Veri·

1034 3625 1155 3688 tas
1193 3602 1423 3718 (1),
1490 3606 1899 3720 Oportebat
1971 3605 2352 3693 Christum
2416 3607 2614 3691 mori
2656 3637 2807 3721 pro
2841 3632 3159 3744 gente.
3233 3601 3331 3689 Et
3398 3632 3571 3687 non
3642 3625 3812 3686 tan-

1035 3744 1214 3805 tum
1283 3752 1472 3861 pro·
1500 3752 1731 3839 gente
1765 3788 1792 3825 ,
1849 3722 1989 3811 sed
2050 3745 2140 3810 ut
2172 3723 2390 3843 filios
2451 3723 2664 3826 Dei,
2725 3724 2859 3840 qui
2915 3741 3133 3810 erant
3188 3720 3562 3836 dispersi,
3625 3747 3816 3807 con-

1024 3867 1395 3971 greg-aret
1437 3842 1522 3929 in
1583 3875 1820 3929 unum
1881 3906 1902 3930 .
1965 3839 2105 3930 Tu
2167 3841 2527 3961 profecto
2590 3844 2676 3929 in
2730 3842 3045 3960 psalmis
3076 3839 3516 3959 proclamas
3546 3836 3827 3926 odien-

1033 3956 1252 4046 tibus
1315 3991 1593 4079 pacem
1658 3962 1935 4052 dicens
1979 3963 2183 4081 (2)·
2249 3961 2786 4083 Magnificam
2834 3960 3259 4049 Dominum
3319 3985 3681 4059 mecum,
3740 3978 3818 4040 et

1031 4078 1455 4168 exaltemus
1509 4111 1785 4170 nomen
1847 4084 2016 4197 ejus
2083 4085 2166 4172 in
2232 4112 2469 4168 unum
2542 4145 2565 4168 .
2638 4086 2744 4171 Et
2805 4111 3134 4169 rursum
3197 4078 3420 4197 (3),
3480 4079 3573 4165 In
3634 4087 3824 4167 con'-

1034 4193 1399 4286 veniendo
1458 4200 1777 4318 populos
1837 4204 1920 4289 ἱη
1981 4235 2282 4304 unum,
2337 4229 2414 4287 et
2480 4232 2723 4321 regna
2759 4261 2790 4298 ,
2853 4222 2944 4287 ut
3009 4200 3341 4288 serviant
3407 4197 3810 4287 Domino.

1035 4313 1320 4430 Quam
1394 4320 1652 4407 dulcis
1718 4322 1820 4410 sit
1885 4324 2292 4424 charitas,
2358 4350 2614 4435 quam
2675 4319 3168 4409 delectabilis
3232 4320 3570 4421 unitaS,
3639 4342 3821 4402 non

1035 4436 1464 4537 nesciens,
1520 4469 1661 4554 per
1724 4443 2188 4558 prophetica
2235 4439 2682 4543 vaticinia,
2732 4469 2876 4555 per
2905 4438 3361 4559 evangelica
3423 4434 3753 4567 oracula
3791 4492 3819 4531 ,

1026 4580 1173 4670 -per
1228 4559 1658 4668 apostolica
1719 4561 2207 4648 documenta
2266 4625 2308 4663 ,
2382 4560 2714 4649 nonnisi
2788 4560 3389 4692 connexionem
3452 4550 3822 4687 gentium
3871 4627 3880 4634 .

1031 4676 1442 4786 praedicas
1480 4741 1507 4778 ,
1578 4678 1904 4763 nonnisi
1961 4679 2357 4768 unitatem
2437 4681 2929 4795 populorum
2982 4675 3336 4798 suspiras
3391 4738 3419 4778 ,
3487 4700 3822 4760 nonnisi

1033 4792 1315 4903 pacis,
1377 4824 1454 4885 et
1535 4797 1943 4885 charitatis
2006 4801 2226 4886 bona
2278 4798 2814 4974 disseminas.

1157 5057 1265 5143 (¹)
1300 5057 1663 5141 ioan-11.
1734 5067 1881 5158 ‚(2)
1938 5058 2337 5153 Psalmi-33.
2412 5055 3052 5154 (3>Psalm.1n1.
3235 4987 3274 5028 Κ
3376 4989 3504 5445 ·
3495 5001 3616 5413 ΙΛ
3753 5113 3757 5129 ,
3829 5073 3849 5105 τ
