<?xml version="1.0" encoding="UTF-8"?>
<!DOCTYPE html PUBLIC "-//W3C//DTD XHTML 1.0 Transitional//EN"
    "http://www.w3.org/TR/xhtml1/DTD/xhtml1-transitional.dtd">
<html xmlns="http://www.w3.org/1999/xhtml" xml:lang="en" lang="en">
 <head>
  <title>
</title>
<meta http-equiv="Content-Type" content="text/html;charset=utf-8" />
  <meta name='ocr-system' content='tesseract 3.04.00' />
  <meta name='ocr-capabilities' content='ocr_page ocr_carea ocr_par ocr_line ocrx_word'/>
</head>
<body>
  <div class='ocr_page' id='page_1' title='image "./hymnodiahispani00argoog/hymnodiahispani00argoog_0265.png"; bbox 0 0 5084 6234; ppageno 0'>
   <div class='ocr_carea' id='block_1_1' title="bbox 1777 747 2859 905">
    <p class='ocr_par' dir='ltr' id='par_1_1' title="bbox 1777 747 2859 905">
     <span class='ocr_line' id='line_1_1' title="bbox 1777 747 2859 905; baseline 0.001 -6"><span class='ocrx_word' id='word_1_1' title='bbox 1777 747 2859 905; x_wconf 68' lang='lat' dir='ltr'>HISPANICA</span> 
     </span>
    </p>
   </div>
   <div class='ocr_carea' id='block_1_2' title="bbox 3544 835 3725 936">
    <p class='ocr_par' dir='ltr' id='par_1_2' title="bbox 3544 835 3725 936">
     <span class='ocr_line' id='line_1_2' title="bbox 3544 835 3725 936; baseline 0 -33"><span class='ocrx_word' id='word_1_2' title='bbox 3544 835 3725 936; x_wconf 72' lang='lat'>245</span> 
     </span>
    </p>
   </div>
   <div class='ocr_carea' id='block_1_3' title="bbox 1412 955 3014 2249">
    <p class='ocr_par' dir='ltr' id='par_1_3' title="bbox 1412 955 3014 2249">
     <span class='ocr_line' id='line_1_3' title="bbox 1418 955 2700 1070; baseline 0.005 -37"><span class='ocrx_word' id='word_1_3' title='bbox 1418 983 1496 1065; x_wconf 84' lang='lat'>5.</span> <span class='ocrx_word' id='word_1_4' title='bbox 1679 955 1788 1039; x_wconf 88' lang='lat' dir='ltr'>Es</span> <span class='ocrx_word' id='word_1_5' title='bbox 1838 956 2055 1043; x_wconf 86' lang='lat' dir='ltr'>visus</span> <span class='ocrx_word' id='word_1_6' title='bbox 2118 955 2324 1059; x_wconf 81' lang='lat' dir='ltr'>inter</span> <span class='ocrx_word' id='word_1_7' title='bbox 2383 956 2700 1070; x_wconf 83' lang='lat' dir='ltr'>agmina</span> 
     </span>
     <span class='ocr_line' id='line_1_4' title="bbox 1412 1069 2761 1159; baseline -0.001 -2"><span class='ocrx_word' id='word_1_8' title='bbox 1412 1072 1492 1157; x_wconf 89' lang='lat'>6.</span> <span class='ocrx_word' id='word_1_9' title='bbox 1678 1073 2085 1159; x_wconf 88' lang='lat' dir='ltr'>Mucrone</span> <span class='ocrx_word' id='word_1_10' title='bbox 2132 1072 2283 1156; x_wconf 84' lang='lat' dir='ltr'><em>late</em></span> <span class='ocrx_word' id='word_1_11' title='bbox 2315 1069 2761 1155; x_wconf 67' lang='lat' dir='ltr'>fuiminans</span> 
     </span>
     <span class='ocr_line' id='line_1_5' title="bbox 1419 1188 2958 1306; baseline -0.003 -35"><span class='ocrx_word' id='word_1_12' title='bbox 1419 1218 1499 1301; x_wconf 77' lang='lat'>7.</span> <span class='ocrx_word' id='word_1_13' title='bbox 1682 1188 2080 1306; x_wconf 88' lang='lat' dir='ltr'><em>Equoque</em></span> <span class='ocrx_word' id='word_1_14' title='bbox 2143 1189 2491 1273; x_wconf 83' lang='lat' dir='ltr'>Mauros</span> <span class='ocrx_word' id='word_1_15' title='bbox 2556 1211 2904 1275; x_wconf 84' lang='lat' dir='ltr'>sternere</span> <span class='ocrx_word' id='word_1_16' title='bbox 2937 1245 2958 1266; x_wconf 90' lang='lat'><strong>.</strong></span> 
     </span>
     <span class='ocr_line' id='line_1_6' title="bbox 1536 1303 2552 1420; baseline 0 -31"><span class='ocrx_word' id='word_1_17' title='bbox 1536 1306 1741 1392; x_wconf 88' lang='lat' dir='ltr'><em>Freti</em></span> <span class='ocrx_word' id='word_1_18' title='bbox 1802 1335 1946 1393; x_wconf 90' lang='lat' dir='ltr'><em>tuo</em></span> <span class='ocrx_word' id='word_1_19' title='bbox 2009 1336 2158 1392; x_wconf 86' lang='lat' dir='ltr'>nos</span> <span class='ocrx_word' id='word_1_20' title='bbox 2217 1303 2552 1420; x_wconf 85' lang='lat' dir='ltr'>pignore</span> 
     </span>
     <span class='ocr_line' id='line_1_7' title="bbox 1652 1428 2763 1541; baseline 0.001 -34"><span class='ocrx_word' id='word_1_21' title='bbox 1652 1428 2006 1541; x_wconf 82' lang='lat' dir='ltr'>Largum</span> <span class='ocrx_word' id='word_1_22' title='bbox 2071 1450 2218 1510; x_wconf 87' lang='lat' dir='ltr'><em>tuo</em></span> <span class='ocrx_word' id='word_1_23' title='bbox 2285 1447 2358 1508; x_wconf 84' lang='lat' dir='ltr'>te</span> <span class='ocrx_word' id='word_1_24' title='bbox 2427 1452 2763 1509; x_wconf 88' lang='lat' dir='ltr'>munere</span> 
     </span>
     <span class='ocr_line' id='line_1_8' title="bbox 1654 1541 2878 1657; baseline 0.002 -32"><span class='ocrx_word' id='word_1_25' title='bbox 1654 1541 2068 1657; x_wconf 85' lang='lat' dir='ltr'>Rogamus</span> <span class='ocrx_word' id='word_1_26' title='bbox 2103 1604 2133 1643; x_wconf 87' lang='lat'><strong>,</strong></span> <span class='ocrx_word' id='word_1_27' title='bbox 2197 1568 2475 1627; x_wconf 87' lang='lat' dir='ltr'>omnes</span> <span class='ocrx_word' id='word_1_28' title='bbox 2537 1572 2629 1630; x_wconf 92' lang='lat' dir='ltr'>ut</span> <span class='ocrx_word' id='word_1_29' title='bbox 2688 1563 2878 1627; x_wconf 82' lang='lat' dir='ltr'><em>tuae</em></span> 
     </span>
     <span class='ocr_line' id='line_1_9' title="bbox 1649 1658 2850 1774; baseline -0.002 -32"><span class='ocrx_word' id='word_1_30' title='bbox 1649 1660 1808 1774; x_wconf 86' lang='lat' dir='ltr'>Spe</span> <span class='ocrx_word' id='word_1_31' title='bbox 1866 1687 2229 1774; x_wconf 84' lang='lat' dir='ltr'>protegas</span> <span class='ocrx_word' id='word_1_32' title='bbox 2289 1658 2791 1774; x_wconf 83' lang='lat' dir='ltr'>praesentiae</span> <span class='ocrx_word' id='word_1_33' title='bbox 2829 1718 2850 1739; x_wconf 88' lang='lat'><strong>.</strong></span> 
     </span>
     <span class='ocr_line' id='line_1_10' title="bbox 1535 1774 2399 1889; baseline -0.002 -27"><span class='ocrx_word' id='word_1_34' title='bbox 1535 1779 1724 1875; x_wconf 87' lang='lat' dir='ltr'><em>Jesu</em></span> <span class='ocrx_word' id='word_1_35' title='bbox 1778 1777 1925 1861; x_wconf 85' lang='lat' dir='ltr'>tibi</span> <span class='ocrx_word' id='word_1_36' title='bbox 1983 1777 2082 1861; x_wconf 85' lang='lat' dir='ltr'><em>sit</em></span> <span class='ocrx_word' id='word_1_37' title='bbox 2151 1774 2399 1889; x_wconf 84' lang='lat' dir='ltr'>gloria</span> 
     </span>
     <span class='ocr_line' id='line_1_11' title="bbox 1670 1891 2767 2007; baseline 0 -32"><span class='ocrx_word' id='word_1_38' title='bbox 1670 1891 1848 2007; x_wconf 82' lang='lat' dir='ltr'>Qui</span> <span class='ocrx_word' id='word_1_39' title='bbox 1888 1917 2121 1979; x_wconf 87' lang='lat' dir='ltr'>natus</span> <span class='ocrx_word' id='word_1_40' title='bbox 2152 1920 2234 1976; x_wconf 87' lang='lat' dir='ltr'>es</span> <span class='ocrx_word' id='word_1_41' title='bbox 2270 1894 2366 1978; x_wconf 88' lang='lat' dir='ltr'><em>de</em></span> <span class='ocrx_word' id='word_1_42' title='bbox 2422 1891 2767 2007; x_wconf 84' lang='lat' dir='ltr'>Virgine</span> 
     </span>
     <span class='ocr_line' id='line_1_12' title="bbox 1424 2007 2981 2127; baseline 0.002 -34"><span class='ocrx_word' id='word_1_43' title='bbox 1424 2009 1508 2093; x_wconf 84' lang='lat'>8.</span> <span class='ocrx_word' id='word_1_44' title='bbox 1672 2008 1901 2096; x_wconf 89' lang='lat' dir='ltr'><em>Cum</em></span> <span class='ocrx_word' id='word_1_45' title='bbox 1935 2014 2162 2095; x_wconf 88' lang='lat' dir='ltr'><em>Patre</em></span> <span class='ocrx_word' id='word_1_46' title='bbox 2195 2072 2223 2110; x_wconf 86' lang='lat'>,</span> <span class='ocrx_word' id='word_1_47' title='bbox 2273 2019 2623 2124; x_wconf 87' lang='lat' dir='ltr'><em>cum&#39;que</em></span> <span class='ocrx_word' id='word_1_48' title='bbox 2678 2007 2981 2127; x_wconf 85' lang='lat' dir='ltr'><strong>Spiritu</strong></span> 
     </span>
     <span class='ocr_line' id='line_1_13' title="bbox 1657 2126 3014 2249; baseline 0.001 -39"><span class='ocrx_word' id='word_1_49' title='bbox 1657 2127 1763 2215; x_wconf 86' lang='lat' dir='ltr'>In</span> <span class='ocrx_word' id='word_1_50' title='bbox 1817 2126 2295 2249; x_wconf 82' lang='lat' dir='ltr'>sempiterna</span> <span class='ocrx_word' id='word_1_51' title='bbox 2346 2128 2610 2217; x_wconf 84' lang='lat' dir='ltr'>secula</span> <span class='ocrx_word' id='word_1_52' title='bbox 2644 2188 2669 2211; x_wconf 92' lang='lat'><strong>.</strong></span> <span class='ocrx_word' id='word_1_53' title='bbox 3010 2158 3014 2161; x_wconf 87' lang='lat'><strong>·</strong></span> 
     </span>
    </p>
   </div>
   <div class='ocr_carea' id='block_1_4' title="bbox 955 2332 2305 5060">
    <p class='ocr_par' dir='ltr' id='par_1_4' title="bbox 955 2332 2305 5060">
     <span class='ocr_line' id='line_1_14' title="bbox 957 2332 2279 2433; baseline 0.01 -32"><span class='ocrx_word' id='word_1_54' title='bbox 957 2332 1182 2427; x_wconf 85' lang='lat' dir='ltr'>gantia</span> <span class='ocrx_word' id='word_1_55' title='bbox 1213 2336 1588 2411; x_wconf 88' lang='lat' dir='ltr'>adhibenda</span> <span class='ocrx_word' id='word_1_56' title='bbox 1614 2388 1638 2423; x_wconf 90' lang='lat'><strong>,</strong></span> <span class='ocrx_word' id='word_1_57' title='bbox 1674 2360 1919 2433; x_wconf 86' lang='lat' dir='ltr'>quanta</span> <span class='ocrx_word' id='word_1_58' title='bbox 1952 2365 2105 2413; x_wconf 89' lang='lat' dir='ltr'><em>cum</em></span> <span class='ocrx_word' id='word_1_59' title='bbox 2144 2367 2279 2413; x_wconf 87' lang='lat' dir='ltr'>mo·</span> 
     </span>
     <span class='ocr_line' id='line_1_15' title="bbox 955 2430 2278 2532; baseline 0.006 -32"><span class='ocrx_word' id='word_1_60' title='bbox 955 2430 1136 2500; x_wconf 88' lang='lat' dir='ltr'>dulis</span> <span class='ocrx_word' id='word_1_61' title='bbox 1170 2433 1450 2504; x_wconf 79' lang='lat' dir='ltr'>musicis</span> <span class='ocrx_word' id='word_1_62' title='bbox 1477 2442 1881 2521; x_wconf 83' lang='lat' dir='ltr'>cohaereat,</span> <span class='ocrx_word' id='word_1_63' title='bbox 1916 2457 2278 2532; x_wconf 81' lang='lat' dir='ltr'>propterea</span> 
     </span>
     <span class='ocr_line' id='line_1_16' title="bbox 960 2529 2279 2629; baseline 0.008 -33"><span class='ocrx_word' id='word_1_64' title='bbox 960 2543 1040 2597; x_wconf 94' lang='lat' dir='ltr'>ut</span> <span class='ocrx_word' id='word_1_65' title='bbox 1069 2529 1293 2600; x_wconf 87' lang='lat' dir='ltr'><em>cantui</em></span> <span class='ocrx_word' id='word_1_66' title='bbox 1327 2534 1748 2606; x_wconf 82' lang='lat' dir='ltr'>consulerem</span> <span class='ocrx_word' id='word_1_67' title='bbox 1780 2585 1802 2618; x_wconf 86' lang='lat'>,</span> <span class='ocrx_word' id='word_1_68' title='bbox 1833 2535 2093 2629; x_wconf 83' lang='lat' dir='ltr'>aliquos</span> <span class='ocrx_word' id='word_1_69' title='bbox 2125 2558 2279 2607; x_wconf 87' lang='lat' dir='ltr'>ver-</span> 
     </span>
     <span class='ocr_line' id='line_1_17' title="bbox 960 2628 2279 2735; baseline 0.008 -41"><span class='ocrx_word' id='word_1_70' title='bbox 960 2646 1071 2735; x_wconf 79' lang='lat' dir='ltr'>sus</span> <span class='ocrx_word' id='word_1_71' title='bbox 1128 2628 1496 2721; x_wconf 81' lang='lat' dir='ltr'>subrogavi</span> <span class='ocrx_word' id='word_1_72' title='bbox 1533 2654 1661 2725; x_wconf 84' lang='lat' dir='ltr'>pro</span> <span class='ocrx_word' id='word_1_73' title='bbox 1700 2635 1796 2705; x_wconf 83' lang='lat' dir='ltr'>his</span> <span class='ocrx_word' id='word_1_74' title='bbox 1828 2680 1852 2715; x_wconf 90' lang='lat'>‚</span> <span class='ocrx_word' id='word_1_75' title='bbox 1925 2632 2044 2728; x_wconf 89' lang='lat' dir='ltr'>qui</span> <span class='ocrx_word' id='word_1_76' title='bbox 2073 2631 2279 2705; x_wconf 88' lang='lat' dir='ltr'>ornis·</span> 
     </span>
     <span class='ocr_line' id='line_1_18' title="bbox 962 2742 1269 2794; baseline 0.016 -5"><span class='ocrx_word' id='word_1_77' title='bbox 962 2743 1016 2791; x_wconf 78' lang='lat' dir='ltr'><em>st</em></span> <span class='ocrx_word' id='word_1_78' title='bbox 1061 2742 1216 2793; x_wconf 82' lang='lat' dir='ltr'>sunt</span> <span class='ocrx_word' id='word_1_79' title='bbox 1248 2773 1269 2794; x_wconf 88' lang='lat'><strong>.</strong></span> 
     </span>
     <span class='ocr_line' id='line_1_19' title="bbox 1118 2820 2129 2928; baseline 0.013 -35"><span class='ocrx_word' id='word_1_80' title='bbox 1118 2844 1182 2893; x_wconf 74' lang='grc' dir='ltr'>ι.</span> <span class='ocrx_word' id='word_1_81' title='bbox 1220 2820 1540 2907; x_wconf 81' lang='lat' dir='ltr'><em>Defensor</em></span> <span class='ocrx_word' id='word_1_82' title='bbox 1562 2829 1736 2900; x_wconf 80' lang='lat' dir='ltr'><em>alme</em></span> <span class='ocrx_word' id='word_1_83' title='bbox 1765 2833 2129 2928; x_wconf 71' lang='lat' dir='ltr'><em>Hispaniae</em></span> 
     </span>
     <span class='ocr_line' id='line_1_20' title="bbox 1115 2920 2185 3008; baseline 0.011 -20"><span class='ocrx_word' id='word_1_84' title='bbox 1115 2941 1181 2989; x_wconf 82' lang='lat'>2.</span> <span class='ocrx_word' id='word_1_85' title='bbox 1219 2920 1455 2993; x_wconf 82' lang='lat' dir='ltr'>Jacobe</span> <span class='ocrx_word' id='word_1_86' title='bbox 1488 2976 1510 3008; x_wconf 92' lang='lat'>,</span> <span class='ocrx_word' id='word_1_87' title='bbox 1569 2930 1819 3000; x_wconf 82' lang='lat' dir='ltr'><em>vindex</em></span> <span class='ocrx_word' id='word_1_88' title='bbox 1848 2932 2134 3003; x_wconf 81' lang='lat' dir='ltr'><em>hostium</em></span> <span class='ocrx_word' id='word_1_89' title='bbox 2164 2976 2185 3000; x_wconf 95' lang='grc'><strong><em>.</em></strong></span> 
     </span>
     <span class='ocr_line' id='line_1_21' title="bbox 1118 3023 2209 3106; baseline 0.007 -20"><span class='ocrx_word' id='word_1_90' title='bbox 1118 3035 1187 3106; x_wconf 81' lang='grc'>3.</span> <span class='ocrx_word' id='word_1_91' title='bbox 1226 3026 1374 3089; x_wconf 85' lang='lat' dir='ltr'><em>Huc</em></span> <span class='ocrx_word' id='word_1_92' title='bbox 1406 3024 1577 3093; x_wconf 82' lang='lat' dir='ltr'><em>caeli</em></span> <span class='ocrx_word' id='word_1_93' title='bbox 1606 3024 1691 3094; x_wconf 84' lang='lat' dir='ltr'>ab</span> <span class='ocrx_word' id='word_1_94' title='bbox 1718 3023 1872 3097; x_wconf 85' lang='lat' dir='ltr'><em>altis</em></span> <span class='ocrx_word' id='word_1_95' title='bbox 1905 3029 2159 3098; x_wconf 78' lang='lat' dir='ltr'><em>sedibus</em></span> <span class='ocrx_word' id='word_1_96' title='bbox 2188 3073 2209 3094; x_wconf 90' lang='lat'><strong>.</strong></span> 
     </span>
     <span class='ocr_line' id='line_1_22' title="bbox 1112 3120 2218 3217; baseline 0.009 -39"><span class='ocrx_word' id='word_1_97' title='bbox 1112 3138 1185 3206; x_wconf 77' lang='lat'>4.</span> <span class='ocrx_word' id='word_1_98' title='bbox 1225 3120 1319 3181; x_wconf 86' lang='lat' dir='ltr'><em>Tu</em></span> <span class='ocrx_word' id='word_1_99' title='bbox 1364 3140 1557 3188; x_wconf 86' lang='lat' dir='ltr'><em>caeca</em></span> <span class='ocrx_word' id='word_1_100' title='bbox 1587 3143 1717 3190; x_wconf 84' lang='lat' dir='ltr'>nox</span> <span class='ocrx_word' id='word_1_101' title='bbox 1742 3135 1941 3215; x_wconf 84' lang='lat' dir='ltr'><em>atque</em></span> <span class='ocrx_word' id='word_1_102' title='bbox 1959 3124 2166 3217; x_wconf 85' lang='lat' dir='ltr'><em>impia</em></span> <span class='ocrx_word' id='word_1_103' title='bbox 2196 3168 2218 3188; x_wconf 87' lang='lat'><strong>.</strong></span> 
     </span>
     <span class='ocr_line' id='line_1_23' title="bbox 1129 3216 2074 3313; baseline 0.012 -38"><span class='ocrx_word' id='word_1_104' title='bbox 1129 3228 1193 3295; x_wconf 87' lang='lat'>5.</span> <span class='ocrx_word' id='word_1_105' title='bbox 1230 3217 1318 3277; x_wconf 85' lang='lat' dir='ltr'>Es</span> <span class='ocrx_word' id='word_1_106' title='bbox 1337 3216 1525 3284; x_wconf 80' lang='lat' dir='ltr'><em>visus</em></span> <span class='ocrx_word' id='word_1_107' title='bbox 1553 3217 1692 3312; x_wconf 85' lang='lat' dir='ltr'>ipso</span> <span class='ocrx_word' id='word_1_108' title='bbox 1721 3218 1789 3286; x_wconf 85' lang='lat' dir='ltr'>in</span> <span class='ocrx_word' id='word_1_109' title='bbox 1810 3219 2074 3313; x_wconf 81' lang='lat' dir='ltr'><em>praelio</em></span> 
     </span>
     <span class='ocr_line' id='line_1_24' title="bbox 1132 3311 2199 3405; baseline 0.007 -30"><span class='ocrx_word' id='word_1_110' title='bbox 1132 3311 1201 3375; x_wconf 90' lang='grc'>6.</span> <span class='ocrx_word' id='word_1_111' title='bbox 1232 3319 1548 3405; x_wconf 78' lang='lat' dir='ltr'><em>Equoque</em></span> <span class='ocrx_word' id='word_1_112' title='bbox 1571 3328 1635 3383; x_wconf 85' lang='lat' dir='ltr'>et</span> <span class='ocrx_word' id='word_1_113' title='bbox 1660 3336 1808 3384; x_wconf 82' lang='lat' dir='ltr'>ense</span> <span class='ocrx_word' id='word_1_114' title='bbox 1836 3315 2199 3387; x_wconf 67' lang='lat' dir='ltr'><em>acerrimus</em></span> 
     </span>
     <span class='ocr_line' id='line_1_25' title="bbox 1132 3408 2196 3496; baseline 0.009 -24"><span class='ocrx_word' id='word_1_115' title='bbox 1132 3426 1205 3496; x_wconf 89' lang='lat'>7.</span> <span class='ocrx_word' id='word_1_116' title='bbox 1235 3416 1512 3479; x_wconf 81' lang='lat' dir='ltr'>Mauros</span> <span class='ocrx_word' id='word_1_117' title='bbox 1531 3408 1828 3496; x_wconf 82' lang='lat' dir='ltr'><em>furentes</em></span> <span class='ocrx_word' id='word_1_118' title='bbox 1855 3428 2145 3483; x_wconf 78' lang='lat' dir='ltr'><em>sternere</em></span> <span class='ocrx_word' id='word_1_119' title='bbox 2172 3458 2196 3481; x_wconf 86' lang='lat'><strong>.</strong></span> 
     </span>
     <span class='ocr_line' id='line_1_26' title="bbox 1133 3502 2271 3606; baseline 0.008 -35"><span class='ocrx_word' id='word_1_120' title='bbox 1133 3502 1204 3572; x_wconf 83' lang='lat'>8.</span> <span class='ocrx_word' id='word_1_121' title='bbox 1239 3515 1387 3577; x_wconf 82' lang='lat' dir='ltr'><em>Cum</em></span> <span class='ocrx_word' id='word_1_122' title='bbox 1416 3515 1618 3580; x_wconf 83' lang='lat' dir='ltr'><em>Patre</em></span> <span class='ocrx_word' id='word_1_123' title='bbox 1643 3559 1666 3592; x_wconf 93' lang='lat'>,</span> <span class='ocrx_word' id='word_1_124' title='bbox 1723 3525 1787 3581; x_wconf 83' lang='lat' dir='ltr'>et</span> <span class='ocrx_word' id='word_1_125' title='bbox 1815 3511 1988 3585; x_wconf 80' lang='lat' dir='ltr'><em>almo</em></span> <span class='ocrx_word' id='word_1_126' title='bbox 2015 3510 2271 3606; x_wconf 81' lang='lat' dir='ltr'><em>Spiritu</em></span> 
     </span>
     <span class='ocr_line' id='line_1_27' title="bbox 1118 3603 2196 3692; baseline 0.006 -25"><span class='ocrx_word' id='word_1_127' title='bbox 1118 3622 1194 3690; x_wconf 86' lang='lat'>9.</span> <span class='ocrx_word' id='word_1_128' title='bbox 1227 3603 1455 3692; x_wconf 68' lang='lat' dir='ltr'>&#39;Nobis</span> <span class='ocrx_word' id='word_1_129' title='bbox 1486 3610 1637 3678; x_wconf 86' lang='lat' dir='ltr'><em>ades</em></span> <span class='ocrx_word' id='word_1_130' title='bbox 1667 3656 1689 3688; x_wconf 91' lang='lat'><strong>‚</strong></span> <span class='ocrx_word' id='word_1_131' title='bbox 1729 3610 1881 3679; x_wconf 74' lang='lat' dir='ltr'>dum</span> <span class='ocrx_word' id='word_1_132' title='bbox 1919 3610 2196 3679; x_wconf 82' lang='lat' dir='ltr'><em>dicimus</em></span> 
     </span>
     <span class='ocr_line' id='line_1_28' title="bbox 1086 3704 2238 3799; baseline -0.001 -28"><span class='ocrx_word' id='word_1_133' title='bbox 1086 3718 1190 3771; x_wconf 84' lang='grc'>10.</span> <span class='ocrx_word' id='word_1_134' title='bbox 1223 3706 1474 3772; x_wconf 75' lang='lat' dir='ltr'><em>Laudes</em></span> <span class='ocrx_word' id='word_1_135' title='bbox 1504 3712 1794 3774; x_wconf 77' lang='lat' dir='ltr'>‘Patrono</span> <span class='ocrx_word' id='word_1_136' title='bbox 1826 3704 2186 3799; x_wconf 73' lang='lat' dir='ltr'><em>Hispaniae</em></span> <span class='ocrx_word' id='word_1_137' title='bbox 2217 3749 2238 3770; x_wconf 86' lang='lat'><strong>.</strong></span> 
     </span>
     <span class='ocr_line' id='line_1_29' title="bbox 1083 3798 2220 3896; baseline -0.001 -30"><span class='ocrx_word' id='word_1_138' title='bbox 1083 3812 1115 3866; x_wconf 85' lang='lat'>1</span> <span class='ocrx_word' id='word_1_139' title='bbox 1139 3814 1200 3864; x_wconf 84' lang='lat'>1.</span> <span class='ocrx_word' id='word_1_140' title='bbox 1234 3803 1440 3886; x_wconf 59' lang='lat' dir='ltr'>⁴Quod</span> <span class='ocrx_word' id='word_1_141' title='bbox 1470 3803 1649 3869; x_wconf 84' lang='lat' dir='ltr'><em>testis</em></span> <span class='ocrx_word' id='word_1_142' title='bbox 1685 3820 1889 3896; x_wconf 80' lang='lat' dir='ltr'><em>usque</em></span> <span class='ocrx_word' id='word_1_143' title='bbox 1916 3798 2220 3883; x_wconf 73' lang='lat' dir='ltr'><em>interfuit</em></span> 
     </span>
     <span class='ocr_line' id='line_1_30' title="bbox 1085 3892 2294 3994; baseline 0 -29"><span class='ocrx_word' id='word_1_144' title='bbox 1085 3910 1196 3965; x_wconf 74' lang='lat' dir='ltr'>n.</span> <span class='ocrx_word' id='word_1_145' title='bbox 1226 3900 1513 3983; x_wconf 59' lang='lat' dir='ltr'>Quando</span> <span class='ocrx_word' id='word_1_146' title='bbox 1541 3899 1606 3966; x_wconf 90' lang='lat' dir='ltr'>in</span> <span class='ocrx_word' id='word_1_147' title='bbox 1639 3901 1942 3994; x_wconf 78' lang='lat' dir='ltr'><em>paternis</em></span> <span class='ocrx_word' id='word_1_148' title='bbox 1971 3892 2243 3967; x_wconf 74' lang='lat' dir='ltr'><em>aedibus</em></span> <span class='ocrx_word' id='word_1_149' title='bbox 2269 3939 2294 3965; x_wconf 90' lang='grc'><strong><em>.</em></strong></span> 
     </span>
     <span class='ocr_line' id='line_1_31' title="bbox 1086 3994 2080 4082; baseline 0.008 -24"><span class='ocrx_word' id='word_1_150' title='bbox 1086 4008 1118 4058; x_wconf 82' lang='lat'>1</span> <span class='ocrx_word' id='word_1_151' title='bbox 1136 4010 1201 4077; x_wconf 89' lang='lat'>3.</span> <span class='ocrx_word' id='word_1_152' title='bbox 1230 4002 1346 4063; x_wconf 82' lang='lat' dir='ltr'><em>Est</em></span> <span class='ocrx_word' id='word_1_153' title='bbox 1375 3996 1658 4068; x_wconf 86' lang='lat' dir='ltr'><em>excitata</em></span> <span class='ocrx_word' id='word_1_154' title='bbox 1688 3998 1771 4070; x_wconf 84' lang='lat' dir='ltr'>ab</span> <span class='ocrx_word' id='word_1_155' title='bbox 1796 3994 2029 4082; x_wconf 81' lang='lat' dir='ltr'>inferis</span> <span class='ocrx_word' id='word_1_156' title='bbox 2054 4042 2080 4066; x_wconf 84' lang='lat'><strong>.</strong></span> 
     </span>
     <span class='ocr_line' id='line_1_32' title="bbox 1089 4090 2106 4177; baseline 0.008 -20"><span class='ocrx_word' id='word_1_157' title='bbox 1089 4106 1204 4177; x_wconf 84' lang='lat'>14.</span> <span class='ocrx_word' id='word_1_158' title='bbox 1233 4090 1554 4163; x_wconf 82' lang='lat' dir='ltr'>Thaboris</span> <span class='ocrx_word' id='word_1_159' title='bbox 1585 4095 1722 4166; x_wconf 80' lang='lat' dir='ltr'><em>alto</em></span> <span class='ocrx_word' id='word_1_160' title='bbox 1752 4098 1820 4168; x_wconf 78' lang='lat' dir='ltr'>in</span> <span class='ocrx_word' id='word_1_161' title='bbox 1847 4094 2106 4166; x_wconf 80' lang='lat' dir='ltr'><em>vertice</em></span> 
     </span>
     <span class='ocr_line' id='line_1_33' title="bbox 1062 4190 2174 4287; baseline -0.004 -23"><span class='ocrx_word' id='word_1_162' title='bbox 1062 4199 1122 4287; x_wconf 55' lang='lat'>‚¹</span> <span class='ocrx_word' id='word_1_163' title='bbox 1143 4199 1174 4263; x_wconf 82' lang='lat'><em>5</em></span> <span class='ocrx_word' id='word_1_164' title='bbox 1184 4227 1205 4248; x_wconf 83' lang='lat'><strong>·</strong></span> <span class='ocrx_word' id='word_1_165' title='bbox 1242 4190 1365 4254; x_wconf 83' lang='lat' dir='ltr'>Seu</span> <span class='ocrx_word' id='word_1_166' title='bbox 1399 4207 1615 4262; x_wconf 82' lang='lat' dir='ltr'><em>monte</em></span> <span class='ocrx_word' id='word_1_167' title='bbox 1644 4192 1843 4267; x_wconf 79' lang='lat' dir='ltr'>olivis</span> <span class='ocrx_word' id='word_1_168' title='bbox 1872 4194 2132 4264; x_wconf 76' lang='lat' dir='ltr'>consito.</span> <span class='ocrx_word' id='word_1_169' title='bbox 2150 4237 2174 4260; x_wconf 88' lang='lat'><strong>.</strong></span> 
     </span>
     <span class='ocr_line' id='line_1_34' title="bbox 980 4269 2296 4381; baseline 0.019 -37"><span class='ocrx_word' id='word_1_170' title='bbox 980 4269 1079 4345; x_wconf 78' lang='lat' dir='ltr'>Hi</span> <span class='ocrx_word' id='word_1_171' title='bbox 1135 4300 1367 4351; x_wconf 87' lang='lat' dir='ltr'>omnes</span> <span class='ocrx_word' id='word_1_172' title='bbox 1420 4308 1653 4359; x_wconf 82' lang='lat' dir='ltr'>versus</span> <span class='ocrx_word' id='word_1_173' title='bbox 1680 4339 1705 4372; x_wconf 90' lang='lat'><strong>,</strong></span> <span class='ocrx_word' id='word_1_174' title='bbox 1761 4291 1919 4363; x_wconf 88' lang='lat' dir='ltr'><em>licet</em></span> <span class='ocrx_word' id='word_1_175' title='bbox 1994 4285 2241 4381; x_wconf 68' lang='lat' dir='ltr'><em>optim?</em></span> <span class='ocrx_word' id='word_1_176' title='bbox 2272 4334 2296 4369; x_wconf 74' lang='lat'><em>2</em></span> 
     </span>
     <span class='ocr_line' id='line_1_35' title="bbox 985 4379 2295 4488; baseline 0.018 -45"><span class='ocrx_word' id='word_1_177' title='bbox 985 4393 1273 4488; x_wconf 76' lang='lat' dir='ltr'>propter</span> <span class='ocrx_word' id='word_1_178' title='bbox 1299 4379 1634 4488; x_wconf 54' lang='lat' dir='ltr'>vjocalium</span> <span class='ocrx_word' id='word_1_179' title='bbox 1677 4410 2080 4460; x_wconf 85' lang='lat' dir='ltr'>concursum</span> <span class='ocrx_word' id='word_1_180' title='bbox 2118 4434 2140 4466; x_wconf 75' lang='grc'><em>,</em></span> <span class='ocrx_word' id='word_1_181' title='bbox 2176 4384 2295 4476; x_wconf 69' lang='lat' dir='ltr'>qui</span> 
     </span>
     <span class='ocr_line' id='line_1_36' title="bbox 989 4478 2296 4574; baseline 0.005 -30"><span class='ocrx_word' id='word_1_182' title='bbox 989 4488 1212 4544; x_wconf 77' lang='lat' dir='ltr'>cantui</span> <span class='ocrx_word' id='word_1_183' title='bbox 1320 4487 1773 4555; x_wconf 76' lang='lat' dir='ltr'>incommodat</span> <span class='ocrx_word' id='word_1_184' title='bbox 1851 4533 1876 4566; x_wconf 91' lang='lat'>‚</span> <span class='ocrx_word' id='word_1_185' title='bbox 1980 4478 2296 4574; x_wconf 81' lang='lat' dir='ltr'>expuncti</span> 
     </span>
     <span class='ocr_line' id='line_1_37' title="bbox 982 4569 2302 4663; baseline 0.005 -22"><span class='ocrx_word' id='word_1_186' title='bbox 982 4589 1172 4641; x_wconf 81' lang='lat' dir='ltr'>sunt.</span> <span class='ocrx_word' id='word_1_187' title='bbox 1209 4569 1477 4643; x_wconf 82' lang='lat' dir='ltr'>Festum</span> <span class='ocrx_word' id='word_1_188' title='bbox 1513 4574 1990 4651; x_wconf 83' lang='lat' dir='ltr'>Translationis</span> <span class='ocrx_word' id='word_1_189' title='bbox 2019 4580 2302 4663; x_wconf 76' lang='lat' dir='ltr'>S-Jaco·</span> 
     </span>
     <span class='ocr_line' id='line_1_38' title="bbox 982 4665 2297 4769; baseline 0.005 -28"><span class='ocrx_word' id='word_1_190' title='bbox 982 4665 1054 4741; x_wconf 86' lang='lat' dir='ltr'>bi</span> <span class='ocrx_word' id='word_1_191' title='bbox 1092 4668 1622 4760; x_wconf 87' lang='lat' dir='ltr'>antiquissimum</span> <span class='ocrx_word' id='word_1_192' title='bbox 1681 4694 1779 4746; x_wconf 86' lang='lat' dir='ltr'>est</span> <span class='ocrx_word' id='word_1_193' title='bbox 1816 4677 1879 4745; x_wconf 90' lang='lat' dir='ltr'>in</span> <span class='ocrx_word' id='word_1_194' title='bbox 1907 4675 2241 4769; x_wconf 78' lang='lat' dir='ltr'>Hispania</span> <span class='ocrx_word' id='word_1_195' title='bbox 2272 4723 2297 4760; x_wconf 86' lang='lat'><strong>,</strong></span> 
     </span>
     <span class='ocr_line' id='line_1_39' title="bbox 985 4768 2299 4863; baseline 0.003 -24"><span class='ocrx_word' id='word_1_196' title='bbox 985 4779 1066 4839; x_wconf 74' lang='lat' dir='ltr'><em>ut</em></span> <span class='ocrx_word' id='word_1_197' title='bbox 1101 4778 1185 4837; x_wconf 81' lang='lat' dir='ltr'><em>ex</em></span> <span class='ocrx_word' id='word_1_198' title='bbox 1213 4768 1691 4842; x_wconf 83' lang='lat' dir='ltr'><em>vetustissimis</em></span> <span class='ocrx_word' id='word_1_199' title='bbox 1724 4772 2076 4843; x_wconf 86' lang='lat' dir='ltr'>breviariis</span> <span class='ocrx_word' id='word_1_200' title='bbox 2111 4794 2299 4863; x_wconf 84' lang='lat' dir='ltr'>prae-</span> 
     </span>
     <span class='ocr_line' id='line_1_40' title="bbox 991 4863 2301 4971; baseline 0.004 -38"><span class='ocrx_word' id='word_1_201' title='bbox 991 4863 1221 4971; x_wconf 60' lang='lat' dir='ltr'><em>sertim</em></span> <span class='ocrx_word' id='word_1_202' title='bbox 1257 4864 1832 4958; x_wconf 80' lang='lat' dir='ltr'>Compostellanis</span> <span class='ocrx_word' id='word_1_203' title='bbox 1863 4917 1884 4949; x_wconf 89' lang='lat'>‚</span> <span class='ocrx_word' id='word_1_204' title='bbox 1935 4888 2001 4941; x_wconf 89' lang='lat' dir='ltr'>et</span> <span class='ocrx_word' id='word_1_205' title='bbox 2033 4867 2301 4939; x_wconf 80' lang='lat' dir='ltr'><em>Toieta-</em></span> 
     </span>
     <span class='ocr_line' id='line_1_41' title="bbox 995 4963 2305 5060; baseline 0.001 -22"><span class='ocrx_word' id='word_1_206' title='bbox 995 4976 1100 5038; x_wconf 72' lang='lat'>1²¹⁸</span> <span class='ocrx_word' id='word_1_207' title='bbox 1150 4981 1430 5060; x_wconf 83' lang='lat' dir='ltr'><em>apparet</em></span> <span class='ocrx_word' id='word_1_208' title='bbox 1462 5011 1483 5037; x_wconf 88' lang='lat'><strong>.</strong></span> <span class='ocrx_word' id='word_1_209' title='bbox 1535 4966 1617 5041; x_wconf 87' lang='lat' dir='ltr'>In</span> <span class='ocrx_word' id='word_1_210' title='bbox 1683 4966 2014 5044; x_wconf 80' lang='lat' dir='ltr'>Toletano</span> <span class='ocrx_word' id='word_1_211' title='bbox 2071 4963 2305 5042; x_wconf 85' lang='lat' dir='ltr'>Silicei</span> 
     </span>
    </p>
   </div>
   <div class='ocr_carea' id='block_1_5' title="bbox 2387 2332 3828 5063">
    <p class='ocr_par' dir='ltr' id='par_1_5' title="bbox 2387 2332 3723 2620">
     <span class='ocr_line' id='line_1_42' title="bbox 2387 2332 3723 2439; baseline -0.005 -27"><span class='ocrx_word' id='word_1_212' title='bbox 2387 2361 2554 2439; x_wconf 85' lang='lat' dir='ltr'>pag.</span> <span class='ocrx_word' id='word_1_213' title='bbox 2592 2362 2758 2430; x_wconf 79' lang='lat'><strong>²7¹·</strong></span> <span class='ocrx_word' id='word_1_214' title='bbox 2802 2361 2956 2413; x_wconf 88' lang='lat' dir='ltr'>sunt</span> <span class='ocrx_word' id='word_1_215' title='bbox 3020 2358 3372 2434; x_wconf 84' lang='lat' dir='ltr'>sequentes</span> <span class='ocrx_word' id='word_1_216' title='bbox 3438 2332 3673 2437; x_wconf 85' lang='lat' dir='ltr'>hymni</span> <span class='ocrx_word' id='word_1_217' title='bbox 3700 2377 3723 2400; x_wconf 85' lang='lat'><strong>·</strong></span> 
     </span>
     <span class='ocr_line' id='line_1_43' title="bbox 2395 2443 2923 2533; baseline -0.011 -23"><span class='ocrx_word' id='word_1_218' title='bbox 2395 2443 2522 2510; x_wconf 76' lang='lat' dir='ltr'>«Ad</span> <span class='ocrx_word' id='word_1_219' title='bbox 2555 2444 2871 2533; x_wconf 78' lang='lat' dir='ltr'><em>Vesperas</em></span> <span class='ocrx_word' id='word_1_220' title='bbox 2899 2488 2923 2511; x_wconf 88' lang='lat'><strong>.</strong></span> 
     </span>
     <span class='ocr_line' id='line_1_44' title="bbox 2389 2534 3196 2620; baseline 0.001 -14"><span class='ocrx_word' id='word_1_221' title='bbox 2389 2591 2395 2595; x_wconf 53' lang='grc'><em>»</em></span> <span class='ocrx_word' id='word_1_222' title='bbox 2498 2538 2723 2606; x_wconf 66' lang='lat' dir='ltr'><em>Adest</em></span> <span class='ocrx_word' id='word_1_223' title='bbox 2750 2534 2884 2605; x_wconf 83' lang='lat' dir='ltr'><em>dies</em></span> <span class='ocrx_word' id='word_1_224' title='bbox 2917 2535 3196 2620; x_wconf 71' lang='lat' dir='ltr'><em>laniae,</em></span> 
     </span>
    </p>

    <p class='ocr_par' dir='ltr' id='par_1_6' title="bbox 2500 2632 3314 2729">
     <span class='ocr_line' id='line_1_45' title="bbox 2500 2632 3314 2729; baseline -0.002 -25"><span class='ocrx_word' id='word_1_225' title='bbox 2500 2643 2744 2704; x_wconf 78' lang='lat' dir='ltr'><em>Beatus</em></span> <span class='ocrx_word' id='word_1_226' title='bbox 2769 2633 2839 2703; x_wconf 85' lang='lat' dir='ltr'>in</span> <span class='ocrx_word' id='word_1_227' title='bbox 2873 2654 3002 2729; x_wconf 87' lang='lat' dir='ltr'>quo</span> <span class='ocrx_word' id='word_1_228' title='bbox 3036 2632 3314 2705; x_wconf 82' lang='lat' dir='ltr'>Iacobus</span> 
     </span>
    </p>

    <p class='ocr_par' dir='ltr' id='par_1_7' title="bbox 2506 2730 3368 2829">
     <span class='ocr_line' id='line_1_46' title="bbox 2506 2730 3368 2829; baseline -0.001 -28"><span class='ocrx_word' id='word_1_229' title='bbox 2506 2730 2725 2801; x_wconf 81' lang='lat' dir='ltr'>Terris</span> <span class='ocrx_word' id='word_1_230' title='bbox 2762 2732 2961 2801; x_wconf 83' lang='lat' dir='ltr'><em>datur</em></span> <span class='ocrx_word' id='word_1_231' title='bbox 3000 2731 3368 2829; x_wconf 72' lang='lat' dir='ltr'>Hispaniae</span> 
     </span>
    </p>

    <p class='ocr_par' dir='ltr' id='par_1_8' title="bbox 2504 2826 3632 2922">
     <span class='ocr_line' id='line_1_47' title="bbox 2504 2826 3632 2922; baseline 0.002 -19"><span class='ocrx_word' id='word_1_232' title='bbox 2504 2838 2664 2903; x_wconf 81' lang='lat' dir='ltr'><em>Dux</em></span> <span class='ocrx_word' id='word_1_233' title='bbox 2699 2876 2722 2910; x_wconf 89' lang='lat'><strong>,</strong></span> <span class='ocrx_word' id='word_1_234' title='bbox 2748 2843 2811 2899; x_wconf 83' lang='lat' dir='ltr'>et</span> <span class='ocrx_word' id='word_1_235' title='bbox 2833 2836 3166 2901; x_wconf 73' lang='lat' dir='ltr'>Patronus</span> <span class='ocrx_word' id='word_1_236' title='bbox 3191 2826 3474 2922; x_wconf 82' lang='lat' dir='ltr'><em>inclytus</em></span> <span class='ocrx_word' id='word_1_237' title='bbox 3505 2844 3632 2905; x_wconf 80' lang='lat' dir='ltr'><em>etc.</em></span> 
     </span>
    </p>

    <p class='ocr_par' dir='ltr' id='par_1_9' title="bbox 2608 2928 3243 2999">
     <span class='ocr_line' id='line_1_48' title="bbox 2608 2928 3243 2999; baseline -0.005 0"><span class='ocrx_word' id='word_1_238' title='bbox 2608 2929 2734 2999; x_wconf 66' lang='lat' dir='ltr'>Ad</span> <span class='ocrx_word' id='word_1_239' title='bbox 2765 2928 3184 2999; x_wconf 79' lang='lat' dir='ltr'><em>Matutinum</em></span> <span class='ocrx_word' id='word_1_240' title='bbox 3222 2975 3243 2996; x_wconf 86' lang='lat'><strong>.</strong></span> 
     </span>
    </p>

    <p class='ocr_par' dir='ltr' id='par_1_10' title="bbox 2513 3022 3356 3118">
     <span class='ocr_line' id='line_1_49' title="bbox 2513 3022 3356 3118; baseline -0.004 -20"><span class='ocrx_word' id='word_1_241' title='bbox 2513 3026 2745 3097; x_wconf 82' lang='lat' dir='ltr'><em>Gaude</em></span> <span class='ocrx_word' id='word_1_242' title='bbox 2766 3023 2939 3110; x_wconf 81' lang='lat' dir='ltr'><em>felix</em></span> <span class='ocrx_word' id='word_1_243' title='bbox 2970 3022 3297 3118; x_wconf 81' lang='lat' dir='ltr'><em>Hispania</em></span> <span class='ocrx_word' id='word_1_244' title='bbox 3334 3072 3356 3095; x_wconf 85' lang='lat'><strong>.</strong></span> 
     </span>
    </p>

    <p class='ocr_par' dir='ltr' id='par_1_11' title="bbox 2511 3117 3440 3191">
     <span class='ocr_line' id='line_1_50' title="bbox 2511 3117 3440 3191; baseline -0.003 0"><span class='ocrx_word' id='word_1_245' title='bbox 2511 3122 2733 3191; x_wconf 85' lang='lat' dir='ltr'><em>Laetis</em></span> <span class='ocrx_word' id='word_1_246' title='bbox 2772 3118 3071 3190; x_wconf 81' lang='lat' dir='ltr'><em>exultans</em></span> <span class='ocrx_word' id='word_1_247' title='bbox 3109 3117 3440 3190; x_wconf 84' lang='lat' dir='ltr'><em>mentibus</em></span> 
     </span>
    </p>

    <p class='ocr_par' dir='ltr' id='par_1_12' title="bbox 2513 3215 3220 3289">
     <span class='ocr_line' id='line_1_51' title="bbox 2513 3215 3220 3289; baseline -0.003 0"><span class='ocrx_word' id='word_1_248' title='bbox 2513 3219 2643 3289; x_wconf 79' lang='lat' dir='ltr'><em>Tui</em></span> <span class='ocrx_word' id='word_1_249' title='bbox 2667 3217 2869 3287; x_wconf 86' lang='lat' dir='ltr'><em>Ducis</em></span> <span class='ocrx_word' id='word_1_250' title='bbox 2896 3215 3220 3289; x_wconf 82' lang='lat' dir='ltr'>solemnia</span> 
     </span>
    </p>

    <p class='ocr_par' dir='ltr' id='par_1_13' title="bbox 2411 3313 3828 5063">
     <span class='ocr_line' id='line_1_52' title="bbox 2513 3313 3589 3389; baseline 0 -3"><span class='ocrx_word' id='word_1_251' title='bbox 2513 3317 2736 3389; x_wconf 81' lang='lat' dir='ltr'><em>Laetis</em></span> <span class='ocrx_word' id='word_1_252' title='bbox 2766 3318 3090 3386; x_wconf 79' lang='lat' dir='ltr'>cantando</span> <span class='ocrx_word' id='word_1_253' title='bbox 3123 3313 3434 3386; x_wconf 83' lang='lat' dir='ltr'><em>laudibus</em></span> <span class='ocrx_word' id='word_1_254' title='bbox 3465 3329 3589 3386; x_wconf 83' lang='lat' dir='ltr'><em>etc.</em></span> 
     </span>
     <span class='ocr_line' id='line_1_53' title="bbox 2417 3412 3736 3508; baseline -0.003 -20"><span class='ocrx_word' id='word_1_255' title='bbox 2417 3412 2563 3508; x_wconf 89' lang='lat' dir='ltr'>Qui</span> <span class='ocrx_word' id='word_1_256' title='bbox 2601 3412 2837 3508; x_wconf 85' lang='lat' dir='ltr'>hymni</span> <span class='ocrx_word' id='word_1_257' title='bbox 2867 3458 2890 3492; x_wconf 86' lang='lat'><strong>,</strong></span> <span class='ocrx_word' id='word_1_258' title='bbox 2924 3437 3005 3484; x_wconf 84' lang='lat' dir='ltr'><em>ex</em></span> <span class='ocrx_word' id='word_1_259' title='bbox 3041 3412 3537 3507; x_wconf 82' lang='lat' dir='ltr'>antiquioribus</span> <span class='ocrx_word' id='word_1_260' title='bbox 3575 3412 3736 3484; x_wconf 58' lang='lat' dir='ltr'>bre-2</span> 
     </span>
     <span class='ocr_line' id='line_1_54' title="bbox 2411 3506 3729 3603; baseline -0.004 -20"><span class='ocrx_word' id='word_1_261' title='bbox 2411 3510 2646 3583; x_wconf 86' lang='lat' dir='ltr'>viariis</span> <span class='ocrx_word' id='word_1_262' title='bbox 2685 3509 3192 3603; x_wconf 77' lang='lat' dir='ltr'><em>desumpti,legi</em></span> <span class='ocrx_word' id='word_1_263' title='bbox 3241 3527 3519 3600; x_wconf 76' lang='lat' dir='ltr'>possunt</span> <span class='ocrx_word' id='word_1_264' title='bbox 3554 3506 3729 3579; x_wconf 89' lang='lat' dir='ltr'><em>inte-</em></span> 
     </span>
     <span class='ocr_line' id='line_1_55' title="bbox 2416 3602 3727 3701; baseline -0.003 -23"><span class='ocrx_word' id='word_1_265' title='bbox 2416 3608 2519 3701; x_wconf 87' lang='lat' dir='ltr'>gri</span> <span class='ocrx_word' id='word_1_266' title='bbox 2553 3607 2617 3678; x_wconf 91' lang='lat' dir='ltr'>in</span> <span class='ocrx_word' id='word_1_267' title='bbox 2650 3605 3150 3699; x_wconf 84' lang='lat' dir='ltr'>martyrologio</span> <span class='ocrx_word' id='word_1_268' title='bbox 3199 3606 3508 3696; x_wconf 84' lang='lat' dir='ltr'>Hispano</span> <span class='ocrx_word' id='word_1_269' title='bbox 3539 3602 3727 3675; x_wconf 84' lang='lat' dir='ltr'>Sala-</span> 
     </span>
     <span class='ocr_line' id='line_1_56' title="bbox 2412 3700 3725 3792; baseline -0.003 -15"><span class='ocrx_word' id='word_1_270' title='bbox 2412 3704 2578 3778; x_wconf 80' lang='lat' dir='ltr'>zarii</span> <span class='ocrx_word' id='word_1_271' title='bbox 2609 3707 2688 3774; x_wconf 87' lang='lat' dir='ltr'>ad</span> <span class='ocrx_word' id='word_1_272' title='bbox 2718 3703 2896 3773; x_wconf 84' lang='lat' dir='ltr'><em>diem</em></span> <span class='ocrx_word' id='word_1_273' title='bbox 2938 3701 3501 3792; x_wconf 80' lang='lat' dir='ltr'>3o.Decembris.</span> <span class='ocrx_word' id='word_1_274' title='bbox 3531 3700 3725 3773; x_wconf 85' lang='lat' dir='ltr'><em>Idem</em></span> 
     </span>
     <span class='ocr_line' id='line_1_57' title="bbox 2411 3796 3828 3881; baseline -0.003 -9"><span class='ocrx_word' id='word_1_275' title='bbox 2411 3797 2784 3874; x_wconf 88' lang='lat' dir='ltr'>Salazarius</span> <span class='ocrx_word' id='word_1_276' title='bbox 2803 3798 2968 3868; x_wconf 86' lang='lat' dir='ltr'>alios</span> <span class='ocrx_word' id='word_1_277' title='bbox 2997 3801 3292 3881; x_wconf 85' lang='lat' dir='ltr'><em>ejusdem</em></span> <span class='ocrx_word' id='word_1_278' title='bbox 3320 3796 3729 3869; x_wconf 81' lang='lat' dir='ltr'>Translatio·</span> <span class='ocrx_word' id='word_1_279' title='bbox 3783 3803 3828 3822; x_wconf 70' lang='lat'>‘⁹</span> 
     </span>
     <span class='ocr_line' id='line_1_58' title="bbox 2413 3894 3734 3991; baseline 0.001 -21"><span class='ocrx_word' id='word_1_280' title='bbox 2413 3900 2516 3969; x_wconf 88' lang='lat' dir='ltr'>nis</span> <span class='ocrx_word' id='word_1_281' title='bbox 2541 3894 2904 3968; x_wconf 85' lang='lat' dir='ltr'>historicos</span> <span class='ocrx_word' id='word_1_282' title='bbox 2940 3897 3236 3991; x_wconf 86' lang='lat' dir='ltr'>hymnos</span> <span class='ocrx_word' id='word_1_283' title='bbox 3286 3894 3609 3987; x_wconf 82' lang='lat' dir='ltr'>excripsit</span> <span class='ocrx_word' id='word_1_284' title='bbox 3635 3911 3734 3972; x_wconf 61' lang='lat' dir='ltr'><em>ex</em></span> 
     </span>
     <span class='ocr_line' id='line_1_59' title="bbox 2413 3992 3728 4089; baseline -0.002 -21"><span class='ocrx_word' id='word_1_285' title='bbox 2413 3992 2763 4069; x_wconf 86' lang='lat' dir='ltr'>breviario</span> <span class='ocrx_word' id='word_1_286' title='bbox 2815 3992 3096 4089; x_wconf 89' lang='lat' dir='ltr'>antiquo</span> <span class='ocrx_word' id='word_1_287' title='bbox 3149 3993 3286 4066; x_wconf 82' lang='lat' dir='ltr'>Ms.</span> <span class='ocrx_word' id='word_1_288' title='bbox 3337 3992 3728 4088; x_wconf 80' lang='lat' dir='ltr'>monasterii</span> 
     </span>
     <span class='ocr_line' id='line_1_60' title="bbox 2417 4088 3730 4186; baseline -0.004 -19"><span class='ocrx_word' id='word_1_289' title='bbox 2417 4091 2948 4184; x_wconf 65' lang='lat' dir='ltr'><em>S.Cueup”hatis‚</em></span> <span class='ocrx_word' id='word_1_290' title='bbox 2975 4093 3162 4186; x_wconf 88' lang='lat' dir='ltr'>quod</span> <span class='ocrx_word' id='word_1_291' title='bbox 3187 4106 3439 4163; x_wconf 82' lang='lat' dir='ltr'>vocant</span> <span class='ocrx_word' id='word_1_292' title='bbox 3467 4093 3544 4162; x_wconf 71' lang='lat' dir='ltr'><em>de</em></span> <span class='ocrx_word' id='word_1_293' title='bbox 3569 4088 3730 4163; x_wconf 62' lang='lat' dir='ltr'>Vah</span> 
     </span>
     <span class='ocr_line' id='line_1_61' title="bbox 2414 4186 3732 4274; baseline -0.004 -10"><span class='ocrx_word' id='word_1_294' title='bbox 2414 4192 2508 4264; x_wconf 81' lang='lat' dir='ltr'><em>ies</em></span> <span class='ocrx_word' id='word_1_295' title='bbox 2542 4191 2608 4262; x_wconf 82' lang='lat' dir='ltr'>in</span> <span class='ocrx_word' id='word_1_296' title='bbox 2662 4188 3023 4262; x_wconf 85' lang='lat' dir='ltr'>Catalonia</span> <span class='ocrx_word' id='word_1_297' title='bbox 3070 4237 3095 4274; x_wconf 88' lang='lat'><strong>,</strong></span> <span class='ocrx_word' id='word_1_298' title='bbox 3123 4193 3204 4262; x_wconf 86' lang='lat' dir='ltr'>ad</span> <span class='ocrx_word' id='word_1_299' title='bbox 3229 4188 3413 4261; x_wconf 86' lang='lat' dir='ltr'><em>diem</em></span> <span class='ocrx_word' id='word_1_300' title='bbox 3452 4211 3568 4263; x_wconf 76' lang='lat' dir='ltr'>aa.</span> <span class='ocrx_word' id='word_1_301' title='bbox 3600 4186 3732 4259; x_wconf 77' lang='lat' dir='ltr'>Fe-</span> 
     </span>
     <span class='ocr_line' id='line_1_62' title="bbox 2415 4282 3732 4361; baseline -0.005 -1"><span class='ocrx_word' id='word_1_302' title='bbox 2415 4283 2674 4361; x_wconf 86' lang='lat' dir='ltr'>bruarii</span> <span class='ocrx_word' id='word_1_303' title='bbox 2703 4287 3004 4360; x_wconf 75' lang='lat' dir='ltr'><em>‚Verum</em></span> <span class='ocrx_word' id='word_1_304' title='bbox 3035 4285 3375 4359; x_wconf 83' lang='lat' dir='ltr'>fabulosae</span> <span class='ocrx_word' id='word_1_305' title='bbox 3401 4282 3732 4359; x_wconf 85' lang='lat' dir='ltr'>narratio-</span> 
     </span>
     <span class='ocr_line' id='line_1_63' title="bbox 2416 4382 3730 4479; baseline -0.007 -20"><span class='ocrx_word' id='word_1_306' title='bbox 2416 4410 2530 4459; x_wconf 90' lang='lat' dir='ltr'>nes</span> <span class='ocrx_word' id='word_1_307' title='bbox 2556 4431 2581 4467; x_wconf 88' lang='lat'><strong>,</strong></span> <span class='ocrx_word' id='word_1_308' title='bbox 2634 4383 2974 4479; x_wconf 84' lang='lat' dir='ltr'>anilesque</span> <span class='ocrx_word' id='word_1_309' title='bbox 3007 4384 3329 4457; x_wconf 88' lang='lat' dir='ltr'>historiae</span> <span class='ocrx_word' id='word_1_310' title='bbox 3360 4383 3425 4452; x_wconf 88' lang='lat' dir='ltr'>in</span> <span class='ocrx_word' id='word_1_311' title='bbox 3475 4382 3571 4452; x_wconf 88' lang='lat' dir='ltr'>eis</span> <span class='ocrx_word' id='word_1_312' title='bbox 3598 4383 3730 4475; x_wconf 81' lang='lat' dir='ltr'>hy-</span> 
     </span>
     <span class='ocr_line' id='line_1_64' title="bbox 2419 4475 3734 4575; baseline -0.006 -19"><span class='ocrx_word' id='word_1_313' title='bbox 2419 4485 2590 4559; x_wconf 81' lang='lat' dir='ltr'>mnis</span> <span class='ocrx_word' id='word_1_314' title='bbox 2623 4503 3085 4575; x_wconf 80' lang='lat' dir='ltr'>exponuntur,</span> <span class='ocrx_word' id='word_1_315' title='bbox 3105 4482 3172 4552; x_wconf 90' lang='lat' dir='ltr'>in</span> <span class='ocrx_word' id='word_1_316' title='bbox 3202 4479 3445 4572; x_wconf 90' lang='lat' dir='ltr'>quibus</span> <span class='ocrx_word' id='word_1_317' title='bbox 3474 4475 3734 4552; x_wconf 74' lang='lat' dir='ltr'>induci-</span> 
     </span>
     <span class='ocr_line' id='line_1_65' title="bbox 2421 4573 3731 4663; baseline -0.007 -8"><span class='ocrx_word' id='word_1_318' title='bbox 2421 4601 2536 4655; x_wconf 90' lang='lat' dir='ltr'><em>tur</em></span> <span class='ocrx_word' id='word_1_319' title='bbox 2565 4582 2713 4652; x_wconf 82' lang='lat' dir='ltr'>Rex</span> <span class='ocrx_word' id='word_1_320' title='bbox 2740 4581 3122 4652; x_wconf 72' lang='lat' dir='ltr'>Gallaeciae</span> <span class='ocrx_word' id='word_1_321' title='bbox 3188 4573 3531 4663; x_wconf 84' lang='lat' dir='ltr'>excipiens</span> <span class='ocrx_word' id='word_1_322' title='bbox 3575 4593 3731 4646; x_wconf 65' lang='lat' dir='ltr'>cor-</span> 
     </span>
     <span class='ocr_line' id='line_1_66' title="bbox 2424 4671 3729 4773; baseline -0.002 -23"><span class='ocrx_word' id='word_1_323' title='bbox 2424 4704 2548 4773; x_wconf 85' lang='lat' dir='ltr'>pus</span> <span class='ocrx_word' id='word_1_324' title='bbox 2578 4676 2977 4768; x_wconf 83' lang='lat' dir='ltr'>B.Apostoli</span> <span class='ocrx_word' id='word_1_325' title='bbox 3008 4672 3158 4743; x_wconf 86' lang='lat' dir='ltr'>navi</span> <span class='ocrx_word' id='word_1_326' title='bbox 3194 4671 3489 4743; x_wconf 86' lang='lat' dir='ltr'><em>delatum</em></span> <span class='ocrx_word' id='word_1_327' title='bbox 3517 4718 3548 4753; x_wconf 63' lang='lat'>2</span> <span class='ocrx_word' id='word_1_328' title='bbox 3569 4692 3729 4747; x_wconf 81' lang='lat' dir='ltr'>cum</span> 
     </span>
     <span class='ocr_line' id='line_1_67' title="bbox 2421 4768 3735 4865; baseline -0.006 -17"><span class='ocrx_word' id='word_1_329' title='bbox 2421 4793 2566 4848; x_wconf 90' lang='lat' dir='ltr'><em>tota</em></span> <span class='ocrx_word' id='word_1_330' title='bbox 2592 4772 2918 4865; x_wconf 86' lang='lat' dir='ltr'>Hispania</span> <span class='ocrx_word' id='word_1_331' title='bbox 2959 4772 3269 4843; x_wconf 88' lang='lat' dir='ltr'>Romano</span> <span class='ocrx_word' id='word_1_332' title='bbox 3297 4768 3599 4861; x_wconf 83' lang='lat' dir='ltr'>Imperio</span> <span class='ocrx_word' id='word_1_333' title='bbox 3630 4790 3735 4840; x_wconf 82' lang='lat' dir='ltr'>es-</span> 
     </span>
     <span class='ocr_line' id='line_1_68' title="bbox 2424 4864 3733 4961; baseline -0.006 -18"><span class='ocrx_word' id='word_1_334' title='bbox 2424 4894 2525 4943; x_wconf 91' lang='lat' dir='ltr'>set</span> <span class='ocrx_word' id='word_1_335' title='bbox 2579 4870 2881 4951; x_wconf 83' lang='lat' dir='ltr'><em>subjecta</em></span> <span class='ocrx_word' id='word_1_336' title='bbox 2916 4916 2939 4951; x_wconf 89' lang='lat'><strong>,</strong></span> <span class='ocrx_word' id='word_1_337' title='bbox 3000 4864 3469 4961; x_wconf 82' lang='lat' dir='ltr'><em>repetiturque</em></span> <span class='ocrx_word' id='word_1_338' title='bbox 3524 4865 3733 4958; x_wconf 77' lang='lat' dir='ltr'>origo</span> 
     </span>
     <span class='ocr_line' id='line_1_69' title="bbox 2425 4963 3732 5063; baseline -0.002 -20"><span class='ocrx_word' id='word_1_339' title='bbox 2425 4964 2934 5043; x_wconf 73' lang='lat' dir='ltr'>consuetudinis·</span> <span class='ocrx_word' id='word_1_340' title='bbox 2959 5013 2993 5052; x_wconf 73' lang='lat'><strong>,</strong></span> <span class='ocrx_word' id='word_1_341' title='bbox 3011 4989 3216 5063; x_wconf 83' lang='lat' dir='ltr'>quam</span> <span class='ocrx_word' id='word_1_342' title='bbox 3240 4963 3494 5046; x_wconf 79' lang='lat' dir='ltr'>habent</span> <span class='ocrx_word' id='word_1_343' title='bbox 3517 4964 3732 5046; x_wconf 62' lang='lat' dir='ltr'><em>Pete,</em></span> 
     </span>
    </p>
   </div>
   <div class='ocr_carea' id='block_1_6' title="bbox 3362 5206 4324 5552">
    <p class='ocr_par' dir='ltr' id='par_1_14' title="bbox 3362 5206 4324 5552">
     <span class='ocr_line' id='line_1_70' title="bbox 3362 5206 4324 5552; baseline 0 682"><span class='ocrx_word' id='word_1_344' title='bbox 3362 5206 4324 5552; x_wconf 95' lang='lat' dir='ltr'> </span> 
     </span>
    </p>
   </div>
   <div class='ocr_carea' id='block_1_7' title="bbox 3366 5211 4439 5547">
    <p class='ocr_par' dir='ltr' id='par_1_15' title="bbox 3366 5211 4439 5547">
     <span class='ocr_line' id='line_1_71' title="bbox 3366 5211 4439 5547; baseline -0.003 -262"><span class='ocrx_word' id='word_1_345' title='bbox 3366 5211 4319 5547; x_wconf 50' lang='grc' dir='ltr'><strong>Δ</strong></span> <span class='ocrx_word' id='word_1_346' title='bbox 4433 5275 4439 5282; x_wconf 77' lang='grc'><strong>,</strong></span> 
     </span>
    </p>
   </div>
  </div>
 </body>
</html>
