5084 6234
697 811 789 898 ado
891 857 895 870 ι
1060 795 1242 889 “DE
1287 800 1660 893 HYMNlS

700 941 889 1042 eundum
906 937 1053 1067 pedem
1069 973 1255 1033 caesurae
1273 945 1387 1032 locus
1404 946 1483 1048 sit,
1519 947 1642 1061 idque
1657 946 1832 1037 similiter
1844 945 1888 1036 in
1899 921 2093 1070 'asclepia-⁸

701 1073 787 1159 deis
805 1068 1105 1182 observandum
1117 1089 1174 1151 est
1194 1126 1204 1146 .
1225 1064 1413 1179 Guyetus
1429 1065 1739 1169 animadvertit,
1755 1067 1887 1185 plures
1903 1066 2087 1185 alioquin

690 1186 884 1292 ,eruditos
901 1210 1038 1302 poetas
1056 1182 1180 1299 hujus
1198 1186 1356 1301 regulae
1374 1184 1563 1297 ignaros,
1596 1210 1667 1273 aut
1687 1186 1929 1303 negligentes
1944 1185 1987 1270 in
2005 1189 2091 1273 suis

673 1369 680 1378 -
699 1306 865 1423 hymnis
881 1332 1020 1393 versus
1037 1300 1294 1389 immiscuisse
1313 1301 1488 1389 musicae
1511 1303 1779 1390 modulationi
1801 1327 2095 1423 repugnantes(

698 1424 1008 1543 exemplumque
1027 1421 1177 1538 profert
1191 1449 1241 1505 err
1258 1420 1417 1533 hymno
1431 1422 1648 1535 Anonymi
1664 1423 1707 1507 in
1724 1424 1955 1541 sapphicis:

821 1541 1008 1639 Confer,
1041 1536 1264 1652 offensique
1282 1568 1423 1654 graves
1439 1570 1614 1644 serena,
2080 1589 2083 1599 =
2154 1533 2177 1544 ⁶

698 1660 750 1751 Et
768 1694 817 1750 ex
836 1657 992 1746 Mureti
1012 1661 1168 1772 hymno
1186 1655 1433 1774 asclepiadeo
1453 1659 1611 1748 infesto
1630 1660 1832 1747 Paschae.

818 1779 933 1866 Cum
948 1805 1035 1892 spes
1050 1801 1216 1877 sancta,
1245 1805 1462 1890 moraeque
1480 1779 1695 1893 impatiens
1710 1807 1852 1864 amor.

701 1905 822 1990 Recte
840 1899 920 1984 fere
941 1925 1083 2018 omnes
1102 1892 1245 2010 hymni
1266 1894 1451 1980 breviarii
1471 1896 1647 1982 Romani
1674 1900 1750 1984 hac
1768 1899 1810 1981 in
1828 1916 1939 2015 parte
1954 1923 2091 2013 protea

697 2009 805 2107 dunt
824 2018 932 2131 (o),
962 2015 1185 2124 eademque
1218 2013 1285 2097 via
1316 2072 1329 2110 ‚
1376 2038 1415 2098 et
1444 2012 1599 2099 ratione
1635 2014 1825 2128 Guyerus
1856 2077 1871 2116 ,
1906 2014 2089 2116 Clarus,

698 2134 936 2234 Santolius,
970 2130 1117 2245 aliique
1138 2126 1396 2231 recentiores
1413 2132 1715 2248 hymnographi
1730 2139 1807 2221 hoc
1821 2162 1949 2251 genus
1962 2132 2091 2219 eccle*

683 2255 953 2345 ¹siasticorum
983 2250 1213 2364 carminum
1237 2246 1525 2335 elaborarunt.
1558 2252 1861 2337 Annotandum
1886 2276 1972 2352 est,
2000 2277 2091 2334 non

698 2365 839 2462 minus
858 2370 1070 2458 dissonum
1101 2396 1180 2454 esse
1196 2392 1356 2457 versum
1371 2367 1636 2485 sapphicum,
1674 2370 1715 2455 in
1735 2398 1823 2481 quo
1842 2394 1932 2487 post
1945 2397 2093 2456 secun-

700 2491 801 2577 dum
817 2485 959 2607 pedem
969 2490 1013 2575 fit
1029 2484 1152 2573 sectio
1169 2484 1374 2571 trochaica
1392 2549 1406 2588 ,
1441 2486 1523 2575 sive
1538 2517 1608 2605 pes
1623 2491 1863 2591 trochaeus,
1889 2512 1936 2577 ut
1951 2487 1995 2571 in
2011 2486 2093 2573 hoc

636 2640 639 2644 ’
700 2609 884 2697 Catulli:

709 2754 722 2828 ¹r
767 2726 773 2736 '
820 2725 966 2812 Otium
992 2714 1154 2807 Catulle
1180 2719 1253 2807 tibi
1279 2720 1486 2807 molestum
1516 2748 1604 2810 est.

698 2841 821 2957 Quae
839 2842 978 2930 omnia
997 2869 1091 2943 cum
1117 2868 1140 2921 a
1170 2838 1265 2927 viris
1283 2840 1627 2954 experientissimis
1642 2842 1935 2927 confirmentur
1948 2904 1962 2943 ,
1977 2841 2083 2955 quin

697 2990 794 3053 vera
828 2963 933 3066 sint,
967 2989 1054 3046 non
1092 2955 1238 3046 dubito
1255 2957 1351 3074 (b);
1379 2958 1451 3046 sed
1480 2960 1690 3050 suboritur
1720 2957 1820 3046 mihi
1838 2958 2054 3049 difficultas
2063 2969 2095 3065 ,ἱ

743 3234 798 3324 (a)
825 3230 863 3300 ln
878 3227 1029 3321 Hymois
1055 3228 1089 3298 S.
1104 3227 1271 3321 josephi,
1304 3228 1362 3320 qui
1422 3251 1477 3299 sus
1496 3232 1541 3300 ad
1554 3231 1742 3327 sequentias
1767 3244 1863 3301 mant
1891 3220 2088 3309 modulati,

699 3326 862 3420 proximo
892 3325 1009 3397 seculo
1043 3343 1188 3396 exeunte
1230 3323 1361 3395 inducti
1421 3328 1808 3410 sedjamturrcnimiunr
1826 3328 2090 3419 viciamque·

699 3442 803 3518 spot,
832 3444 949 3495 versus
978 3424 1007 3495 Ι.
1034 3426 1193 3513 strophae
1226 3421 1288 3492 lV.
1319 3422 1359 3492 ad
1421 3445 1497 3494 rum
1531 3438 1569 3494 ut
1586 3416 1681 3497 'uisu'
1704 3426 1882 3498 delectatur
1907 3445 2007 3500 saur,
2036 3423 2089 3490 ἑτι

696 3518 928 3620 matutinum,
955 3530 1024 3606 nex
1039 3530 1128 3591 Deus
1144 3529 1271 3614 Regum
1290 3567 1302 3601 ,
1328 3534 1361 3589 et
1420 3542 1493 3592 sum
1501 3536 1603 3618 gustu
1617 3529 1840 3594 amaricatus.
1856 3522 1982 3594 Narrat
1997 3514 2093 3587 exin-

694 3620 894 3712 nominator
922 3617 1011 3689 orbis
1037 3622 1121 3690 hanc
1151 3620 1259 3711 legem
1294 3642 1359 3690 non
1421 3621 1491 3700 de,
1519 3643 1660 3712 operam
1677 3646 1712 3695 se
1739 3621 1872 3692 dedisse
1901 3615 1998 3688 novis
2028 3634 2083 3684 se·

696 3718 853 3790 servatio
867 3718 1067 3812 quibusdam
1082 3715 1357 3798 breviariis3sed
1418 3717 1592 3811 quentiis,
1620 3744 1703 3815 quas
1749 3717 1836 3790 lsoni
1862 3713 2083 3807 corrigendas

697 3813 747 3886 iit·
761 3814 844 3898 aliis
863 3816 1019 3909 pluribus
1034 3814 1158 3888 rectius
1184 3814 1379 3886 omittitur·
1417 3819 1637 3900 ostendebat,
1651 3818 1712 3912 qui
1727 3816 1782 3887 lto
1794 3865 1818 3897 „
1835 3814 2014 3887 emendare
2030 3829 2094 3879 cu··

695 3911 869 3993 coniuctio
884 3921 952 3994 Et,
979 3915 1185 4005 suaviorque
1201 3913 1358 3985 redditur
1417 3961 1441 3996 „
1460 3914 1552 3986 tavit
1564 3915 1678 3987 dicens
1698 3911 1874 4005 :singulae
1889 3914 1988 3981 nor'ae
2006 3920 2095 3979 can-¹
2142 3911 2149 3924 ‘

698 4029 841 4084 versuss
872 4018 942 4098 Rex
957 4022 1043 4081 Deus
1064 4020 1215 4107 Regum,
1244 4012 1361 4079 Domi·
1420 4058 1444 4092 ‚‚
1466 4010 1588 4083 tilenae
1606 4013 1757 4103 singulas
1783 4008 1932 4104 syllabas
1959 4008 2085 4079 debent

697 4120 795 4202 nater
809 4104 898 4176 orbis
916 4153 927 4175 .
1416 4156 1441 4192 ‚‚
1459 4110 1583 4183 babere
1599 4157 1613 4179 .
1632 4108 1738 4203 Quod
1756 4125 1868 4178 autem
1890 4107 2029 4179 audiens
2044 4127 2092 4179 ea·

721 4200 771 4292 (t)
791 4202 1076 4297 Antiquissimum
1093 4226 1142 4277 est
1160 4204 1192 4275 in
1208 4201 1358 4277 Ecclesia
1416 4254 1440 4289 ,‚
1455 4205 1607 4300 quidem,
1623 4230 1709 4300 quae
1724 4205 1757 4276 in
1778 4208 1811 4278 ia
1826 4206 2020 4277 veniebant.
2037 4201 2079 4276 ad

695 4304 762 4375 hoc
776 4301 947 4383 studium,
963 4320 1001 4373 ut
1017 4323 1133 4373 versus
1149 4301 1357 4373 modulatio·
1415 4351 1441 4388 ‚,
1464 4304 1631 4398 liquidum
1648 4307 1810 4385 correxi,
1842 4330 1928 4396 quae
1949 4328 2032 4375 vero
2049 4299 2084 4368 in

695 4400 736 4493 ni,
751 4399 820 4494 apti
838 4398 1100 4491 praeferrentur.
1125 4401 1168 4492 ll.
1182 4401 1358 4472 Notkeros
1418 4449 1444 4485 ,‚
1461 4402 1517 4483 le,
1550 4402 1606 4498 vel
1626 4403 1659 4473 in
1688 4405 1724 4475 ln
1744 4402 1838 4495 quasi
1858 4396 2082 4493 impossibilia

697 4496 732 4569 in
750 4497 957 4591 praefatione
974 4499 1015 4571 ad
1029 4520 1103 4569 suas
1117 4495 1310 4590 sequentias
1324 4497 1357 4568 in
1418 4546 1443 4583 „
1462 4499 1516 4572 vel
1535 4519 1761 4591 attemperare
1779 4500 1911 4595 neglexi
1927 4528 1939 4569 s
1954 4520 2030 4569 eum
2047 4506 2083 4571 et

693 4598 779 4670 hanc
806 4596 1003 4670 sententiam
1034 4596 1215 4684 disputat.
1242 4598 1358 4665 Conti-
1417 4643 1444 4681 ,‚
1463 4597 1548 4670 illud
1566 4620 1684 4693 postea
1706 4599 1995 4672 fa:.illimumvisu
2020 4592 2081 4659 de·
2143 4611 2146 4616 ·

693 4694 771 4789 git,
800 4698 987 4790 estquidam
1003 4693 1184 4786 Presbyter
1197 4696 1235 4764 de
1252 4695 1358 4765 Gemi·
1416 4744 1443 4779 η
1458 4700 1691 4784 prehenderim
1709 4747 1733 4780 „
1750 4746 1761 4768 .
1791 4699 1846 4767 De
1859 4709 1958 4765 cantu
1974 4687 2009 4756 io
2024 4685 2083 4795 be·

686 4790 755 4863 'dia
769 4806 873 4886 nuper
883 4795 1144 4883 aNordmamis
1155 4809 1289 4865 uastata
1303 4815 1357 4865 vt·
1416 4793 1519 4867 clesia
1532 4798 1768 4890 antiquissimo
1782 4840 1794 4873 ‚
1826 4793 2078 4861 instrumentis·

696 4891 783 4969 nim
800 4890 843 4964 td
858 4912 914 4959 nos
943 4892 1232 4987 «antiphonarium
1257 4915 1355 4964 suunt
1416 4917 1484 4988 que
1515 4896 1656 4966 musicis
1678 4910 1835 4986 veterum
1863 4881 2080 4955 Christiano-

697 5010 808 5068 stcurr
820 5002 991 5093 portatu
1011 4988 1051 5062 itt
1065 5011 1132 5085 put
1158 4989 1268 5092 clipei
1279 5012 1358 5085 ast·
1389 5066 1394 5076 ,
1418 5011 1495 5068 runs
1510 4991 1585 5068 fuse
1603 4990 1743 5070 disserit
1759 4986 1908 5077 loannes
1921 4978 2095 5077 Baptista.
