5084 6234
1746 836 2836 929 HISPAN110A

3532 831 3702 958 ⁸⁶.st

1507 982 1688 1067 Hoc
1753 988 2066 1071 bonum
2133 992 2493 1076 Salvator
2570 989 2730 1097 ipse
2769 1051 2797 1087 ‚
2869 987 2906 1040 ·.

1624 1105 1828 1216 Quo
1875 1104 2249 1193 fruamur
2278 1170 2304 1208 ,
2350 1103 2794 1219 praestitit,

1620 1223 2090 1333 Martyrum
2152 1252 2340 1312 cum
2405 1222 2763 1307 membra
2827 1241 3060 1308 nostr·

1628 1342 2169 1434 Consecravit
2228 1341 2533 1463 oppido
2574 1370 2596 1421 z

1631 1461 2037 1576 Sospitent
2092 1492 2312 1578 quae
2386 1491 2615 1547 nunc
2685 1461 3079 1562 colon08‚

1630 1580 1871 1693 Quos
1928 1583 2213 1671 Iberus
2271 1584 2498 1668 alluit
2537 1643 2561 1663 .

922 1811 1076 1897 Die
1122 1842 1254 1928 13.
1297 1809 1580 1899 Martii
1613 1882 1634 1904 .
1687 1816 1777 1899 In
1797 1816 1998 1929 festo
2034 1824 2120 1938 S.
2163 1817 2491 1908 Leandri
2558 1817 2923 1945 Episcopi
2987 1814 3467 1935 Hispalensis
3501 1818 3637 1935 (α)
3671 1839 3702 1903 .··

942 2051 1073 2136 Ad
1099 2080 1482 2170 vesperas.
1517 2010 2017 2171 Hymnum
2086 2060 2466 2146 Leandro
2521 2057 2883 2147 debitum
2916 2121 2947 2159 ,

1633 2182 1860 2266 Dum
1928 2179 2127 2265 festa
2196 2202 2540 2265 currunt
2608 2204 2893 2262 annua
2934 2238 2964 2278 ,

1641 2297 2086 2411 Redempta
2144 2324 2343 2411 gens
2405 2293 2701 2379 iberiae

1638 2413 2075 2499 Plaudente
2148 2440 2351 2501 voce
2426 2411 2872 2496 concinat.

1531 2528 1816 2620 Grates
1884 2529 2279 2650 rependat¹
2326 2528 2700 2647 ‘Hispalis
2733 2591 2760 2631 ‚

1638 2649 1739 2738 Et
1807 2653 2039 2742 dulce
2110 2651 2366 2743 solvat
2425 2647 2841 2735 canticum
2879 2710 2911 2749 ‚

1642 2770 2052 2861 Antistitis
2116 2773 2328 2885 quae
2386 2768 2718 2855 maximi

1638 2891 1975 2977 Honore
2043 2889 2348 3010 gaudet
2418 2887 2723 3002 inclyto
2763 2946 2785 2970 .

1522 3004 1784 3116 Quod
1850 3010 1992 3093 lux
2053 3014 2286 3094 beata
2342 3000 2816 3121 splenduit,

1643 3127 1749 3209 Et
1782 3123 2231 3242 ‘occupavit
2295 3122 2669 3238 undique

1641 3240 2227 3358 Hispaniarum
2291 3240 2572 3327 limites
2606 3303 2637 3341 ,

1643 3363 1918 3476 Longe
1975 3360 2273 3477 fugatis
2334 3358 2749 3446 nubibus.

1525 3476 1787 3591 Quod
1848 3480 2058 3568 victa
2129 3476 2345 3565 olaro
2408 3477 2712 3593 praelio

1636 3596 2182 3683 Tumultuosa
2246 3596 2609 3686 concidit

1635 3718 2036 3801 Prostrata
2100 3714 2368 3802 multis
2399 3714 2693 3800 ictibus
2730 3774 2759 3813 ‚

1642 3831 1743 3919 Et
1800 3833 2015 3951 fugit
2084 3862 2357 3920 amens
2425 3831 2770 3919 haeresis
2808 3890 2836 3911 .

935 4032 1189 4109 casibus
1206 4021 1428 4111 autem
1464 4037 1667 4111 finitis
1701 4041 1761 4111 in
1799 4039 1880 4111 AE
1911 4062 2252 4133 nunquam

933 4134 1103 4210 hanc
1134 4134 1464 4207 licentiam
1517 4139 1642 4208 sibi
1681 4137 2027 4231 arrogavit
2085 4138 2258 4208 Pru-

935 4231 1200 4301 dentius
1224 4281 1246 4312 ,
1284 4237 1398 4303 sed
1431 4237 1684 4328 ubique
1722 4245 1840 4310 .AE
1867 4237 1932 4305 in
1970 4238 2100 4307 fine
2136 4258 2252 4305 ca-

931 4351 1128 4399 suum
1190 4332 1513 4419 produxit
1541 4382 1561 4403 .
1628 4333 1941 4406 Lectioni
1981 4351 2249 4403 nostrae

932 4427 1117 4498 favet
1145 4430 1439 4520 hymnus
1466 4432 1530 4499 S.
1557 4431 1899 4502 AEmiliani
1925 4439 1966 4502 '1
1986 4430 2247 4502 2.Nov0

930 4524 1003 4596 in
1034 4527 1259 4597 officio
1286 4528 1590 4597 Gothico
1608 4531 1975 4620 =.Hymnite
1995 4551 2253 4601 mecum

937 4640 1324 4695 consonante
1351 4626 1642 4695 carmine
1677 4674 1699 4707 ‚
1754 4631 2066 4716 'Narrate
2098 4650 2257 4699 cun·

936 4744 1040 4795 cta
1079 4772 1101 4803 ,
1159 4725 1549 4823 praedicate
1579 4771 1601 4804 ,
1641 4739 1705 4794 et
1726 4726 2000 4822 psallite
2034 4773 2058 4796 .

1034 4830 1134 4912 (a)
1175 4822 1651 4894 Clarissimum
1693 4822 2085 4905 praesulem
2134 4822 2261 4894 Hi-

940 4918 1306 5004 spalensem
1346 4924 1720 4993 Leandrum
1759 4973 1781 5006 ,
1843 4922 1953 4994 cui
1984 4919 2260 5012 potissi·

943 5031 1126 5090 m'um
1159 5024 1528 5095 secundum
1590 5023 1819 5097 Deum
1861 5018 2259 5095 conversiu-

2401 4064 2552 4113 nem
2586 4040 2668 4110 ab
2700 4034 3091 4109 Arianismo
3121 4034 3321 4107 debet
3350 4035 3710 4132 Hispania·

2398 4140 2579 4211 nefas
2609 4138 2773 4210 duxi
2803 4138 2945 4208 sine
2980 4137 3240 4231 hymno
3276 4133 3740 4227 praeter-mit:

2398 4256 2543 4308 tere
2569 4284 2596 4318 ,
2652 4235 2813 4308 licet
2843 4258 2998 4308 eum
3037 4233 3101 4305 in
3141 4232 3330 4306 nullo
3364 4231 3707 4308 breviario
3745 4322 3750 4326 ,

2396 4336 2528 4406 hoc
2563 4333 2777 4407 laudis
2804 4356 3050 4430 genere
3084 4335 3478 4406 decoratum
3514 4341 3710 4422 repen?
3743 4409 3750 4416 ,

2393 4432 2791 4516 terim-Eius
2818 4433 3122 4506 officium
3150 4455 3303 4504 cum
3334 4453 3448 4502 sex
3473 4427 3713 4508 lectioe

2395 4527 2916 4628 nibus'propriis
2938 4531 3079 4602 vidi
3119 4530 3183 4601 in
3216 4526 3557 4600 breviario
3579 4523 3717 4600 Ro-

2404 4654 2606 4703 mano
2646 4634 2723 4702 de
2779 4638 3049 4701 camera
3099 4645 3308 4711 1550.
3358 4622 3714 4709 venetiis,

2396 4734 2515 4802 sed
2546 4730 2720 4801 inter
2737 4726 2909 4814 festa
2959 4725 3512 4819 extravaganeiae.
3545 4722 3719 4796 Nan·

2401 4845 2552 4900 rant
2574 4822 3004 4898 Bollandiani
3059 4821 3599 4916 Continuatorea
3627 4821 3717 4902 ad

2398 4924 2572 4997 hanc
2594 4929 2766 4997 diem
2802 4973 2826 5005 2
2882 4921 3126 4997 festum
3190 4921 3258 4997 S,
3286 4916 3583 5037 ‚Leandri
3643 4915 3715 5001 in

2300 5129 2308 5138 '
2398 5017 3991 5517 mmlx
4047 5060 4048 5065 ψ
4265 5011 4270 5016 ¹

2575 5517 2579 5518 ⁷
4047 5476 4048 5515 l
