5084 6234
689 828 859 908 noa
1098 805 1625 895 DEHYMNIS

686 986 862 1073 tempore
883 957 926 1039 in
944 952 1104 1040 ecclesia
1121 950 1322 1064 coeperit,
1361 975 1400 1035 et
1416 951 1534 1059 quale
1568 950 1690 1037 suerit
1717 950 1878 1038 initium
1905 953 2074 1069 pervul-

689 1080 768 1199 gati
785 1104 923 1166 versus
933 1136 945 1172 ,
962 1071 1087 1157 Gloria
1105 1067 1216 1153 Patri
1233 1093 1300 1169 ,et
1312 1067 1410 1153 Filio
1426 1133 1441 1170 ,
1455 1090 1496 1154 et
1510 1070 1672 1186 Spiritui
1688 1090 1822 1158 sancto
1841 1130 1854 1168 ‚
1879 1070 1979 1157 sicut
1993 1092 2076 1158 erut

687 1201 729 1284 in
747 1193 935 1319 principio
950 1211 990 1275 et'
1003 1217 1105 1274 nunc
1121 1215 1159 1273 et
1172 1216 1318 1303 semper
1332 1214 1370 1270 et
1383 1189 1423 1274 in
1437 1191 1560 1275 secula
1575 1191 1817 1291 seculorum,
1842 1217 1987 1308 magna
2018 1215 2076 1278 est

687 1316 793 1421 inter
823 1310 1031 1425 scriptores
1064 1305 1300 1393 dissensio.
1335 1308 1415 1391 Sed
1445 1306 1543 1392 mihi
1584 1339 1745 1394 omnem
1778 1306 2075 1396 dubitationem

689 1433 828 1519 adimit
844 1426 990 1545 Magni
1005 1426 1137 1511 Basilii
1156 1454 1251 1517 cum
1268 1426 1516 1530 auctoritas,
1549 1453 1638 1513 tum
1660 1426 1836 1515 efficacia
1857 1456 2076 1543 argumena

687 1575 858 1652 torum,
888 1546 1041 1657 quibus
1068 1545 1275 1661 perspicue
1313 1547 1582 1645 demonstrat,
1600 1549 1802 1657 hymnum
1816 1542 2073 1662 glorificatio-

692 1670 755 1755 nis
774 1672 844 1753 SS.
858 1665 1067 1751 Trinitatis
1101 1667 1268 1780 aprima
1286 1663 1493 1781 Evangelii
1522 1664 1841 1752 adnunciatione
1876 1692 2074 1781 perpetuo

692 1788 814 1875 fuisse
847 1787 889 1871 in
921 1782 1083 1871 ecclesia
1101 1784 1325 1884 usitatum,
1353 1782 1682 1899 locupletissimos
1716 1808 1829 1872 testes
1863 1780 2080 1871 adducens-

693 1907 943 1994 Clementem
960 1901 1316 2001 Alexandrinum,
1348 1900 1600 2013 Dionysium
1620 1901 1976 2004 Alexandrinum,
1993 1903 2080 1986 lte-

689 2054 839 2109 naeum
857 2020 1203 2138 Lugdunensem,
1224 2018 1378 2114 lulium
1396 2017 1670 2121 Africanum,
1705 2020 1952 2137 Origenem,
1984 2021 2073 2105 Fir·

687 2142 900 2228 milianum
920 2136 1255 2239 Caesariensem,
1289 2136 1532 2253 Gregorium
1549 2138 1937 2255 Thaumaturgum3
1970 2167 2074 2223 con-

690 2261 855 2346 firmans
870 2323 885 2359 ,
901 2257 1180 2342 additamento
1197 2317 1213 2356 ,
1229 2256 1328 2341 sieut-
1341 2281 1451 2357 erut,
1466 2254 1546 2372 jam
1564 2288 1658 2343 usos
1683 2257 1803 2343 fuisse
1821 2255 2073 2342 Clementem

690 2377 1053 2477 Alexandrinum,
1077 2374 1327 2487 Dionysium
1360 2372 1688 2461 Alexandrinum
1710 2440 1725 2479 ,
1755 2377 1968 2462 Irenaeum
1984 2404 2072 2474 ,ac

688 2497 841 2595 lulium
857 2495 1124 2581 Africanum.
1154 2496 1252 2576 Non
1273 2522 1367 2608 ergo
1385 2496 1567 2607 hymnus
1586 2493 1886 2610 glorificationis
1910 2523 1933 2579 a
1949 2522 2073 2605 syno·

690 2616 746 2700 do
780 2616 963 2699 Nicaena
997 2612 1174 2727 primum
1209 2636 1353 2696 auctus
1379 2610 1459 2698 luit
1492 2612 1799 2712 additamento,
1829 2611 1928 2696 sicut
1959 2639 2070 2714 erut,

690 2733 807 2846 quod
825 2731 965 2815 innuit
980 2727 1183 2815 Batonius
1207 2730 1261 2813 ad
1276 2758 1348 2812 an.
1369 2756 1467 2845 325.
1484 2732 1674 2831 num.6.;
1695 2759 1825 2841 neque
1857 2729 1972 2814 aliud
1999 2759 2078 2817 vo-

619 2895 629 2905 ·
689 2851 781 2937 lunt
801 2848 988 2963 synodus
1003 2843 1267 2934 ll‚.Vasensis
1281 2876 1418 2934 canon
1436 2909 1451 2933 .
1467 2852 1547 2951 V„
1562 2873 1602 2933 et
1617 2850 1713 2934 Vita
1745 2850 1787 2931 S.
1809 2846 2002 2946 Damasi,
2020 2847 2080 2930 le·

688 2968 927 3082 ctionesque
943 2966 1030 3082 ejus
1047 2966 1090 3051 in
1108 2964 1309 3056 breviario
1327 2971 1554 3067 Romanu,
1579 2965 1655 3054 nisi
1671 2963 1785 3083 quod
1817 2967 1895 3052 hoc
1914 2964 2077 3050 addita-

688 3114 874 3174 mentum
891 3112 1064 3201 tempore
1083 3087 1123 3169 S.
1144 3084 1313 3172 Damasi
1346 3085 1465 3201 adjici
1484 3084 1729 3202 psalmodiae
1746 3109 1935 3200 coeptum
1952 3081 2077 3168 fuerit

687 3234 759 3320 per
790 3205 922 3291 varias
939 3204 1151 3300 ecclesias,
1187 3231 1235 3290 ut
1280 3203 1436 3291 erudite
1471 3205 1644 3323 explicat
1687 3203 1945 3293 Christianus
1991 3206 2079 3285 Lu-

722 3353 770 3407 us
793 3322 889 3438 (1).

709 3457 713 3551 ᾗ
754 3471 852 3555 230.
887 3442 937 3522 ln
955 3437 1216 3527 Antiochena
1246 3439 1406 3527 ecclesia
1428 3464 1519 3559 post
1535 3466 1715 3527 exortam
1741 3442 1939 3527 haeresim
1952 3435 2081 3522 Aria-

691 3590 785 3658 nam
812 3588 907 3642 curn
932 3558 1108 3659 Ariani,
1136 3585 1175 3645 et
1208 3558 1413 3646 Catholici
1441 3561 1494 3645 ad
1509 3558 1641 3646 officia
1666 3562 1807 3650 divina
1838 3553 2077 3646 celebranda

689 3677 810 3766 simul
824 3678 1091 3767 convenirent
1106 3742 1119 3779 ,
1136 3678 1464 3794 glorificationem
1477 3681 1545 3765 SS.
1561 3678 1771 3766 Trinitatis
1788 3704 1878 3797 post
1892 3672 2083 3793 psalmos,

693 3824 732 3883 et
750 3798 926 3909 hymnos
957 3797 1020 3883 alii
1037 3798 1113 3882 alio
1132 3799 1256 3884 modo
1280 3796 1567 3914 proferebant,
1603 3826 1647 3884 ut
1665 3823 1879 3885 auctorest
1896 3797 2081 3880 Sozome·
2122 3821 2126 3826 ·

693 3943 772 3997 nus
791 3914 863 4027 (2)
880 3950 890 3997 ι
906 3917 983 4000 Sed
989 3945 1061 4031 prr
1075 3919 1232 4017 choros,
1261 3937 1306 4001 nl
1319 3919 1425 4030 apud
1440 3915 1525 4000 illus
1538 3915 1655 4000 moris
1673 3944 1732 4000 est
1747 3980 1763 4016 ,
1796 3910 1985 4001 distributi
2013 3910 2080 3996 in-

693 4052 751 4116 ter
763 4033 999 4145 psalhnditm
1026 4035 1094 4119 suh
1099 4032 1223 4149 finem
1240 4037 1465 4151 hymnorum·
1479 4034 1626 4153 singuli
1652 4032 1872 4124 sententiam
1890 4062 1999 4120 suum
2015 4031 2088 4115 de·

696 4148 916 4235 clarebunt.
948 4153 1054 4235 anm
1085 4154 1352 4252 aliil'ntrem,
1379 4172 1417 4235 et
1447 4152 1586 4237 Filium
1618 4156 1760 4238 honore·
1776 4150 1972 4270 aequalem
1990 4150 2082 4269 glo-

695 4264 921 4383 nficnbunt3
952 4267 1120 4353 nliiuero
1137 4274 1286 4356 Putrem
1306 4273 1364 4354 ΙΝ
1381 4270 1477 4355 Filio
1492 4273 1565 4356 hnc
1573 4271 1826 4387 propositione
1849 4271 1996 4390 adjectu
2012 4269 2082 4350 dr-

696 4411 898 4485 notantes,
922 4384 1059 4469 Filium
1094 4390 1203 4472 Putre
1220 4385 1431 4498 inferiorem
1456 4419 1568 4474 esse.
1600 4391 1811 4508 Congruit
1840 4386 2085 4476 Theodore-

699 4527 764 4588 tus
780 4504 852 4623 (3)
871 4503 1031 4591 Leontii
1047 4503 1297 4594 Antiochcni
1323 4507 1508 4626 Episcopi
1524 4506 1827 4601 fraudulentam
1858 4502 2091 4596 simulatio-

704 4714 839 4799 quando
854 4717 917 4786 hoc
928 4712 1108 4787 discrimen
1121 4713 1362 4801 interponitur,
1473 4725 1526 4807 (1)
1554 4715 1836 4813 Tom·.1.oper.in
1851 4708 2088 4784 CamConcil.

707 4809 745 4873 tn
759 4809 970 4888 versiculus,
984 4813 1100 4884 Glorla
1115 4813 1213 4884 Patri
1228 4812 1363 4884 dicatur
1423 4813 1570 4889 Nicaeni·
1582 4837 1697 4905 cap-7·-

703 4902 890 4996 Doxologie
907 4907 1038 4988 minor,
1062 4917 1206 5006 hymnus
1220 4912 1365 5009 Angeli-
1475 4922 1528 5005 (a)
1558 4911 1632 4983 Lib.
1653 4934 1684 4997 3.
1700 4938 1776 4999 cap.
1792 4935 1848 4981 20.

625 5004 1114 5095 scusooxotognmajor.
1212 5089 1217 5094 ,
1477 5023 1529 5105 (3)
1558 5003 1961 5102 Lib.2.htstor.cap.24
2082 5066 2085 5072 ,
