5084 6234
1800 860 3376 979 QUIGNONIANUM
3797 898 3963 984 397

1204 1037 1372 1092 rum
1407 1037 1699 1122 quoque
1727 1037 1984 1141 sapere
2015 1006 2255 1092 sobrie
2281 1005 2488 1090 visus
2518 1034 2629 1091 est
2653 1007 2958 1121 hujusm
2968 1010 3091 1094 odi
3117 1007 3493 1141 scriptor,
3538 1006 3716 1090 dum
3747 1040 3965 1102 suam

1201 1127 1432 1212 unius
1463 1122 1902 1209 sententimn
1938 1125 2272 1239 antiquis
2306 1125 2623 1211 Parrum
2656 1127 3027 1228 decretis,
3086 1123 3469 1213 communi
3499 1143 3577 1211 et
3607 1129 3973 1241 approba

1197 1272 1292 1327 ιο-
1310 1245 1540 1341 usui,
1596 1275 1696 1329 uc
1742 1242 2110 1330 Ecclesiae
2138 1243 2596 1330 authenticis
2628 1244 2949 1331 historiis
2982 1246 3289 1352 minime
3322 1244 3618 1329 erubuit
3633 1241 3969 1381 praefi’r-

1196 1392 1332 1462 τις
1381 1361 1700 1476 proinde
1747 1387 1834 1446 ut
1858 1394 2086 1477 quam
2109 1363 2539 1477 periculosa
2576 1360 2683 1449 sit
2698 1426 2731 1463 ,
2781 1394 2919 1449 nec
2929 1345 3248 1476 serenda
3312 1360 3743 1474 hujusmodi
3798 1363 3971 1448 bre·-

1195 1430 1422 1565 bin'rii
1464 1479 1744 1577 editio,
1814 1509 2278 1599 cognoscant
2335 1510 2595 1566 omnes
2642 1512 2910 1585 operae
2969 1481 3300 1597 pretium
3377 1498 3489 1565 est
3516 1482 3962 1564 ostendere.

1195 1595 1587 1688 Nicolaus
1604 1597 2018 1686 Ladvocat
2053 1597 2338 1685 Billiad
2375 1602 2681 1685 Doctor
2723 1600 3279 1700 Sorbonicus‚
3343 1624 3422 1684 et
3467 1595 3975 1704 canonicus

1116 1783 1122 1787 .
1195 1715 1702 1805 parisiensis
1681 1747 1769 1799 ιη
1811 1715 2130 1819 libelle,
2185 1719 2320 1803 cui
2352 1718 2687 1817 titulus,
2762 1717 3155 1808 Vindiciae
3220 1714 3711 1803 Parthenicne
3743 1712 3970 1802 Pari-

1191 1831 1328 1919 siis
1368 1863 1613 1949 1570.
1653 1828 1726 1949 §.
1768 1863 1959 1947 250.
1994 1868 2196 1955 pag.
2227 1868 2448 1951 470.
2435 1849 2448 1900 ¹
2482 1864 2558 1922 et
2582 1866 2741 1951 seq.
2771 1898 2806 1937 ,
2858 1858 3134 1924 contta
3180 1836 3505 1950 Jolyum
3547 1832 3972 1948 disputans

1192 1980 1534 2041 censura
1573 1954 2011 2043 Facultatis
2031 1955 2518 2071 theologicae
2558 1954 3018 2040 parisiensis
3054 1955 3610 2042 auctoritatem
3645 1950 3980 2060 brevia«,

1190 2069 1293 2157 rii
1330 2071 1908 2189 Quignoniani
1943 2074 2247 2164 elevare
2281 2102 2687 2177 conatur,
2754 2098 2832 2161 et
2863 2101 2960 2160 ex
3020 2071 3300 2160 Actis
3283 2072 3609 2158 initium
3666 2067 3968 2211 adseri-3

1053 2202 1056 2205 ’
1158 2188 1375 2277 bit.
1447 2195 1687 2281 Anno
1726 2192 2048 2279 Domini
2088 2223 2334 2311 1535.
2406 2191 2530 2279 die
2588 2225 2722 2307 27.
2758 2187 3244 2289 mensisJulii
3294 2216 3765 2329 congregata
3799 2189 3967 2300 Fa·-

1184 2310 1470 2393 cultate
1501 2314 1712 2427 apud
1737 2316 2105 2399 Sanctum
2165 2312 2712 2421 Mathia-inum
2762 2314 2869 2397 acl
2927 2308 3383 2402 audiendum
3405 2311 3750 2412 sationes
3783 2369 3815 2408 ,
3886 2331 3971 2421 ες

1188 2427 1475 2513 motiva
1504 2433 1790 2545 scripta
1809 2461 1956 2547 per
1986 2432 2435 2565 deputatos,
2477 2430 2613 2545 qui
2638 2455 2854 2515 erant
2919 2428 3002 2521 in
3031 2455 3318 2545 magno
3350 2457 3722 2528 numero,
3766 2453 3963 2541 pro-3

1167 2568 1348 2657 pter
1372 2576 1566 2659 quae
1596 2578 1763 2635 non
1779 2549 2131 2636 videatur
2160 2545 2663 2680 recipiendum
2704 2545 3150 2632 breviariwn
3213 2549 3306 2630 de
3342 2571 3558 2639 novo
3596 2546 3880 2631 editum
3919 2609 3961 2655 Ἀ

1181 2688 1259 2744 et
1271 2667 1858 2781 promulgatum
1891 2688 2032 2751 etc.
2069 2669 2217 2753 ‚Et
2239 2663 2637 2779 quoniam
2669 2662 3080 2750 Claudius
3106 2661 3388 2777 lolyus
3420 2686 3594 2748 turn
3632 2664 3716 2750 in
3755 2663 3964 2768 Dis-

1176 2789 1377 2864 'sena
1385 2782 1591 2869 tione
1622 2788 1716 2870 de
1746 2785 1991 2870 verbis
2026 2781 2419 2871 Usuardi
2387 2813 2470 2867 tn
2498 2781 3062 2917 Il‘lartyrologio
3097 2781 3470 2870 Ecclesiae
3505 2780 3957 2892 Parisiensts

1180 2898 1294 2981 ‘od
1316 2899 1511 2985 diem
1544 2904 1626 2987 X
1632 2906 1731 2992 V
1764 2902 2166 3041 Augusti
2134 2936 2216 2988 tn
2230 2900 2438 3012 festo
2473 2901 3106 3018 Assumptionis,
3160 2927 3331 2987 tum
3371 2900 3453 2988 in
3495 2900 3652 2985 alio
3685 2902 3950 2989 libello

1181 3015 1275 3098 de
1313 3020 1789 3135 Ildagnatum
1823 3021 2419 3107 restitutionibus
2443 3081 2472 3118 ,
2525 3048 2617 3107 ac
2655 3019 3120 3127 praesertim
3139 3017 3223 3102 in
3262 3019 3826 3106 consultatione
3854 3020 3950 3122 de
4044 3102 4052 3109 .

1174 3130 1691 3240 reformandis
1715 3139 1953 3222 Horis
1979 3136 2357 3224 canonicis
2388 3137 2607 3223 miris
2639 3138 3020 3226 laud-ibus
3051 3135 3541 3238 breviarium
3574 3113 3964 3253 Quigno}

1181 3247 1298 3331 nii
1366 3253 1766 3343 extulerat
1789 3320 1821 3356 ,
1885 3254 2104 3341 illum
2168 3255 2682 3344 Ladvocatus
2735 3255 3051 3357 refellit,
3114 3254 3469 3369 primum
3533 3255 3730 3369 quia
3772 3285 3947 3344 non

1175 3366 1439 3453 solum
1507 3373 1868 3462 Facultas
1930 3373 2376 3491 theologica
2428 3438 2455 3475 ,
2531 3374 2670 3460 sed
2738 3373 2908 3490 ipsa
2936 3372 3440 3466 Universitas
3475 3361 3949 3478 parisiensis

1175 3513 1545 3599 porrecto
1580 3491 1842 3579 libello
1901 3493 2145 3609 apud.
2174 3521 2638 3626 supremam
2714 3493 3025 3584 curiam
3085 3491 3543 3580 intercessit
3591 3555 3622 3594 2
3680 3521 3779 3578 ne
3859 3490 3947 3578 in

1179 3602 1484 3694 Galliae
1521 3610 1885 3699 Ecclesiis
1918 3643 2226 3699 novum
2262 3611 2753 3703 breviarium
2776 3610 3398 3709 admitteretur,
3462 3609 3753 3694 deinde
3794 3608 3948 3720 ad·-

1172 3720 1439 3812 ductis
1470 3728 1970 3817 rationibus
1952 3728 2198 3843 ipsius
2223 3756 2610 3822 censurae
2639 3792 2668 3829 ,
2694 3757 2903 3839 quas
2935 3726 3390 3845 singillatim
3423 3725 3820 3842 explicat,
3857 3746 3945 3840 eq

1185 3870 1664 3956 promovet.
1671 3847 1919 3935 Alia
1979 3850 2222 3935 verba
2265 3845 2623 3981 ejusdem
2659 3876 3043 3934 censurae
3076 3875 3175 3933 ex
3208 3845 3512 3941 Jacobo
3552 3842 3955 3950 Gaudino

1160 4017 1165 4022 ·
1178 3987 1459 4082 postea
1497 3968 1957 4081 proferam,
1995 3992 2087 4052 ut
2127 3964 2299 4052 illae
2334 3964 2686 4052 rationes
2712 3964 3162 4100 patefiant.

1304 4110 1438 4168 11.
1501 4086 1707 4185 His,
1774 4085 2102 4201 aliisque
2146 4082 2538 4173 similibus
2577 4082 3073 4197 argumentis
3097 4082 3354 4168 facere
3375 4078 3565 4167 satis
3597 4095 3951 4182 conam

1175 4223 1290 4286 est
1323 4198 1859 4291 Cardinalis
1835 4233 1920 4288 tn
1958 4201 2453 4319 praefatione
2523 4199 2916 4296 editionis
2939 4200 3342 4289 secundae
3377 4198 3579 4284 anni
3626 4198 3948 4315 15036·

1147 4314 1393 4406 -mhi
1424 4318 1681 4422 enim,
1741 4352 1833 4407 ut
1857 4350 2082 4435 saepe
2116 4347 2290 4405 sum
2292 4315 2764 4458 professus,
2787 4319 3213 4456 cogitanti,
3273 4335 3503 4434 atque
3530 4318 3788 4404 animo
3831 4346 3957 4428 rq-

1176 4437 1478 4574 petenti
1527 4436 1748 4525 initia
1801 4440 2071 4527 veteris
2129 4437 2517 4539 instituti,
2577 4467 2728 4553 quo
2759 4438 3132 4525 sancitum
3194 4462 3306 4526 est
3334 4494 3369 4533 ,
3423 4464 3511 4519 ut
3550 4433 3801 4538 clerici
3827 4461 3965 4556 sq-

1154 4556 1326 4643 ·eris
1350 4553 1696 4659 initiati,
1766 4559 1887 4644 vel
1914 4555 2349 4648 sacerdotiis
2369 4556 2887 4694 praesidentes
2917 4556 3246 4673 singulis
3273 4556 3532 4658 diebus
3551 4529 3960 4689 perlegant

1146 4671 1514 4760 horarias
1554 4706 1815 4788 preces
1854 4735 1881 4773 ,
1941 4708 2131 4790 quos
2159 4674 2572 4763 canonicas
2608 4672 2834 4778 etiam
2895 4675 3442 4789 appellamus,
3473 4691 3549 4757 tt
3548 4698 3630 4755 es
3648 4653 3957 4788 praeci-

1142 4859 1161 4872 .
1170 4822 1383 4906 puae
1413 4820 1688 4879 causae
1711 4820 2095 4911 spectatae
2098 4790 2352 4902 fist-sse
2372 4792 2615 4883 videri
2639 4795 2934 4881 solent.
2997 4793 3346 4903 Quarum
3381 4819 3470 4876 ea
3494 4790 3751 4925 prima
3786 4811 3899 4878 est
3920 4848 3950 4888 ,

1175 4913 1381 5021 quod
1430 4937 1600 4994 cum
1671 4942 1888 5001 cetere
1877 4910 2328 4997 '‘bomines
2294 4941 2378 4996 tn
2391 4942 2700 5048 quaque
2734 4910 3034 5000 civitate
3063 4937 3203 4998 aut
3214 4939 3456 5020 suum
3479 4905 3785 5045 quisque
3811 4933 3952 4997 ne·-

1169 5027 1469 5143 fl‘ott‘um
1505 5060 1839 5158 agant,
1848 5053 1988 5126 aut
2013 5027 2499 5166 inrepublifa
2544 5025 3120 5169 αώηὲᾳὲσεσεεάᾳ
3168 5029 3328 5153 σε’ξτ
3348 5025 3705 5173 οςςυὶατὲ
3729 5085 3761 5129 2
3809 5025 3953 5117 cle-
