5084 6234
912 830 1465 924 HISPANICA'
1804 857 1891 966 οὓ

663 1011 666 1017 ·
732 976 911 1066 Ovetum
944 972 1135 1060 manibus
1161 975 1365 1090 Virgineis
1398 979 1536 1065 datam

733 1098 895 1181 Vestem
924 1091 1256 1202 servatodhuc,
1288 1118 1328 1179 et
1357 1095 1501 1181 recolit*
1517 1094 1612 1211 pie,

794 1212 913 1323 Quae
945 1209 997 1295 sit
1026 1208 1174 1325 pignus
1206 1212 1380 1312 amoris,
1472 1259 1474 1266 ·

854 1329 1061 1414 Virtutem
1083 1325 1218 1412 simul.
1233 1328 1444 1416 excitans.

730 1448 841 1531 Laus
868 1470 1030 1531 aeterna
1063 1443 1197 1547 Patri,
1228 1446 1317 1532 laus
1350 1475 1516 1564 quoque
1551 1444 1682 1552 Filio,

733 1565 810 1650 Par
836 1563 1056 1653 individuo
1078 1562 1205 1678 gloria
1237 1563 1433 1671 Flamini,
1484 1648 1501 1652 ,,
1637 1619 1641 1633 ·

794 1681 1013 1773 Etzdivina
1037 1704 1212 1764 canatur

854 1798 999 1885 Virtus
1023 1798 1067 1880 in
1100 1795 1231 1885 tribus
1259 1799 1416 1886 unica.

506 2030 713 2131 Admau:
736 1991 854 2153 Spes
883 2034 1029 2123 mundi
1058 2033 1245 2154 fragiles,
1270 2064 1462 2153 vanaque
1496 2039 1679 2157 proemia

734 2158 789 2245 Er
843 2155 936 2242 atris
960 2153 1106 2268 repulit
1136 2154 1420 2269 blandiloquas
1444 2187 1581 2273 preces

828 2273 1026 2388 defossus
1040 2329 1055 2369 ‚
1088 2270 1215 2354 amori

780 2433 782 2436 ·
852 2386 1008 2476 Divino
1038 2386 1201 2501 penitus
1225 2414 1408 2475 vacans.

734 2504 906 2593 Arnon
941 2502 1043 2593 celsa
1076 2528 1199 2620 caput
1227 2503 1375 2591 montis
1407 2504 1451 2598 in
1480 2507 1614 2598 arduo
1657 2537 1659 2546 ·

734 2623 948 2711 Occultare
975 2647 1103 2738 potest
1135 2621 1281 2713 vertice
1310 2620 1511 2728 civitas‚.

792 2742 858 2829 Sic
890 2769 963 2826 nec
996 2764 1109 2829 tanta
1143 2739 1263 2827 latere

852 2858 997 2946 Virtus
1033 2857 1186 2951 evaluit
1214 2858 1321 2947 diu.

498 3140 573 3215 Rit.
589 3138 866 3233 congregatione
894 3138 999 3231 petita
1015 3138 1080 3213 fuit
1096 3166 1156 3213 ex·
1215 3138 1357 3210 cembris
1376 3140 1481 3227 1698.
1498 3138 1660 3220 censuit,
1688 3159 1727 3209 ea
1751 3136 1884 3222 verbs,

501 3240 607 3313 tensio
622 3241 684 3308 sub
699 3238 764 3309 riru
779 3235 907 3330 duplici
933 3237 1062 3329 primae
1076 3238 1155 3311 elas·
1216 3234 1295 3308 licet
1312 3235 1345 3308 in
1371 3236 1575 3311 lectionibus
1589 3234 1779 3315 ,Toletanis
1804 3257 1887 3330 pro·

497 3337 542 3409 sis
558 3361 636 3408 cum
652 3354 774 3407 octava
788 3358 851 3431 pro
865 3338 1022 3408 omnibus
1034 3335 1155 3431 Hispa·
1214 3351 1293 3426 pter
1305 3334 1481 3430 vigentem
1497 3335 1578 3429 inibi
1598 3333 1819 3407 traditionem
1839 3332 1886 3405 le·

499 3435 632 3507 uiarum
647 3435 799 3508 ecclesiis
813 3485 826 3518 ‚
839 3453 873 3506 et
890 3436 952 3506 sub
965 3434 1032 3507 ritu
1047 3435 1155 3527 dupli·
1213 3452 1404 3525 gerentur,
1433 3459 1498 3507 non
1527 3455 1598 3506 esse
1626 3432 1801 3504 inserenda
1828 3429 1881 3501 le·

497 3534 530 3606 ci
545 3530 608 3625 p'ro
620 3531 777 3607 universa
787 3531 1051 3606 Ecclesia.Sacra
1063 3532 1154 3604 Con·
1216 3528 1388 3602 ctionious
1405 3554 1469 3622 pro
1494 3531 1653 3603 universa
1670 3524 1820 3602 Ecclesia
1832 3549 1886 3628 re·¹

498 3631 653 3728 gregario
667 3631 719 3702 dt'e
739 3656 752 3701 1
758 3630 949 3719 plumarii
967 3634 1157 3722 1697.con·
1216 3624 1386 3698 citandis.
1417 3629 1565 3700 Subinde
1593 3630 1761 3721 anno'r72
1768 3649 1801 3718 3.
1817 3623 1909 3716 ἕως,

499 3729 600 3801 cessit
619 3730 847 3800 extensionem
866 3734 927 3799 sub
943 3727 1010 3798 ritu
1025 3724 1155 3818 duplici
1218 3742 1293 3793 rum
1324 3727 1441 3797 eadem
1459 3724 1580 3816 petitio
1607 3723 1888 3820 instauratrt'e'st',¹¹

500 3825 572 3898 sine
584 3844 704 3899 octava
717 3831 757 3899 ad
772 3850 888 3898 omnes
914 3824 1157 3916 Hispaniarum
1218 3822 1300 3891 dum
1316 3820 1530 3893 Promotoris
1547 3821 1627 3894 fidei
1640 3842 1783 3894 munere
1800 3818 1887 3893 lun?

500 3923 656 3996 ecclesias
675 3972 687 4005 ‚
714 3944 748 3997 et
762 3928 826 3998 sub
855 3924 922 3996 ritu
938 3920 1155 4014 semiduplici
1217 3936 1359 4013 geretur
1371 3918 1576 3993 Benedictus
1589 3920 1705 4000 xlv„
1719 3917 1778 4013 qui
1792 3918 1877 3991 lucc

498 4020 543 4092 de
569 4042 752 4116 praecepto
780 4025 823 4095 ad
859 4020 1043 4095 Ecclesiam
1084 4018 1158 4091 uni·
1216 4017 1333 4106 omnia
1346 4016 1420 4091 fuse
1446 4034 1558 4090 narrat
1573 4020 1608 4089 t'n
1625 4032 1722 4185 ἵετο
1737 4018 1777 4088 de
1790 4021 1877 4098 δια·-

497 4137 657 4188 versam.
686 4123 751 4193 Sed
769 4145 846 4193 cum
868 4122 1008 4197 Relator
1038 4143 1155 4191 causae
1217 4111 1296 4201 tif„
1324 4113 1503 4187 cr'canon.
1529 4114 1628 4187 38.Ιί
1650 4141 1716 4213 ,4.
1731 4127 1876 4216 part-a·
1919 4187 1932 4204 ,

499 4212 693 4289 cardinalis
713 4218 920 4291 Colloredus
939 4218 1153 4291 difficultates
1216 4226 1290 4307 cap.
1310 4234 1364 4287 ro.
1379 4236 1471 4285 num.
1489 4232 1546 4301 25.
1561 4230 1594 4287 et
1607 4235 1723 4384 seqq...
1742 4212 1777 4286 ls
1794 4233 1875 4285 cum

498 4313 658 4406 quasdam
675 4317 907 4404 proposuisset
921 4317 1010 4388 circa
1025 4319 1151 4396 verba,
1213 4307 1427 4386 difficultates
1439 4314 1481 4384 ab
1495 4311 1581 4386 Eriso
1607 4313 1664 4385 Co
1680 4310 1799 4384 loredo
1813 4329 1876 4382 ex·

492 4412 623 4507 quibus
637 4414 671 4483 S.
688 4411 854 4485 leocadia
865 4417 974 4486 fertur
999 4415 1033 4484 S.
1050 4414 1153 4500 Prae·
1212 4408 1332 4481 citatas
1347 4439 1350 4445 ·
1364 4428 1584 4492 renovasset,
1613 4432 1652 4484 ac
1681 4402 1877 4501 promovis-

498 4508 606 4585 sulem
625 4508 861 4591 collaudasse,
890 4531 925 4584 et
944 4513 1154 4585 ineamscn·
1213 4522 1292 4590 set,
1320 4508 1422 4581 Sacra
1463 4506 1697 4601 congregatio
1730 4504 1782 4574 dir
1816 4516 1877 4590 η.

499 4608 638 4683 tentiam
674 4606 890 4689 inclinasset,
922 4629 962 4680 ut
988 4628 1153 4704 negaret,
1214 4601 1305 4687 Mdis‘
1326 4612 1432 4699 ¹7²⁶·
1446 4604 1622 4694 ¹lectiones
1637 4602 1672 4672 S.
1686 4598 1877 4684 ildefonsi.

495 4708 600 4781 irtisse
626 4731 643 4777 a
676 4704 888 4775 &leocadia
913 4706 1045 4795 prolata
1071 4711 1153 4780 haec
1214 4703 1246 4777 in
1274 4704 1397 4795 quibus
1423 4700 1481 4773 illa
1506 4703 1611 4774 verba
1635 4700 1670 4770 S.
1688 4696 1878 4772 Leoccdiae

500 4807 628 4886 verba,
647 4811 673 4872 ο
690 4800 1156 4898 lldefonseprrtevioitno-
1221 4800 1450 4880 tribuuntur,
1486 4822 1548 4891 per
1563 4793 1783 4871 Cardins'lem
1798 4793 1877 4869 Rel-

501 4901 591 4974 tslne
606 4927 679 4976 nea
693 4947 711 4982 ‚·
735 4922 820 4996 quar
838 4899 929 4971 caeli
956 4901 1100 4981 culmina
1112 4915 1159 4972 tc·
1218 4896 1302 4988 ⁵luga
1317 4914 1502 4990 porrectas,
1518 4893 1653 4969 recitari
1668 4900 1777 4990 posse
1791 4911 1877 4966 coo·

501 5010 585 5086 mts
610 5001 708 5075 Sacra
726 4999 962 5096 Congrogatio
981 5002 1032 5077 die
1046 5004 1081 5075 6.
1094 5008 1160 5084 Dc·
1222 4993 1324 5072 cessit
1338 4994 1372 5069 irs
1384 4993 1543 5071 omdlbus
1556 4992 1669 5094 reguis
1690 4986 1876 5106 Cstltolico
