5084 6234
702 854 810 955 qq
1106 828 1679 926 DEHYMNIS‘

699 997 702 1004 ’
720 981 875 1096 operun'r
890 970 1006 1089 injus
1021 975 1111 1066 edit.
1130 976 1400 1095 Porit.1p2p.
1420 979 1537 1067 nimis
1554 975 1762 1094 magnifiee
1779 973 2107 1096 etsetmtiopta·

542 1185 550 1195 ,
720 1126 764 1183 te
781 1125 852 1197 sc,
883 1121 931 1182 ut
947 1125 1087 1184 omnes
1116 1098 1259 1209 hymni
1280 1085 1467 1191 breviarii
1493 1098 1667 1185 Romani
1697 1127 1721 1182 e
1746 1099 2102 1188 Santoliiofficina

706 1211 960 1332 prodirent.
993 1214 1195 1331 Equidem
1209 1217 1242 1304 si
1260 1221 1362 1307 bene
1376 1256 1380 1264 ¹
1395 1215 1493 1307 novi
1511 1217 1672 1335 ingenia
1706 1221 2020 1319 Romanorum,
2055 1244 2100 1307 et

720 1334 906 1422 universe
923 1333 1147 1434 Italorum,
1170 1366 1254 1422 non
1274 1336 1396 1423 credo
1413 1399 1428 1439 ,
1443 1364 1511 1422 eos
1526 1335 1714 1452 opinioni
1734 1335 2002 1423 Bourdalouii
2017 1365 2100 1423 esse

717 1451 1016 1658 ttffiiptnros
1030 1512 1044 1555 ,
1075 1482 1125 1540 ne
1143 1456 1345 1573 Hispanos
1377 1483 1486 1543 meos
1503 1453 1547 1541 in
1571 1454 1699 1574 hujus
1731 1452 2098 1574 invidiaesspartetn

718 1597 743 1655 a
775 1595 780 1602 ·
858 1600 945 1655 nm.

713 1788 718 1798 ¹
808 1692 932 1808 Pergo
951 1690 1006 1778 ad
1023 1690 1098 1776 alia
1117 1752 1129 1772 .
1163 1690 1358 1810 Displicet
1374 1692 1565 1778 nonnihil
1581 1754 1594 1791 ,
1611 1692 1728 1808 qnod
1742 1685 1903 1780 dicatur
1919 1724 2092 1811 pagan.
2205 1781 2207 1783 ,
2229 1779 2243 1799 ὁ

714 1803 759 1893 in
784 1808 944 1921 hymno
960 1812 1000 1898 S.
1024 1808 1212 1898 Nicolai:
1229 1812 1315 1929 Ipse
1329 1815 1418 1899 dux
1435 1809 1543 1925 frmi
1560 1812 1667 1899 Deus
1685 1812 1883 1919 insolentis
1897 1876 1917 1915 ,
1942 1844 2094 1929 quam-

713 1926 777 2016 vis
789 1927 944 2018 vatiam
958 1927 1154 2016 insolentis
1168 1929 1505 2046 significationem
1519 1960 1604 2016 non
1625 1930 1819 2047 ignorem.
1831 1936 1975 2046 Neque
1990 1962 2091 2049 pro-

684 2133 686 2138 ,
710 2044 771 2131 bo
784 2073 925 2132 versus
940 2046 1025 2133 illos
1038 2077 1129 2165 pag.
1151 2076 1220 2134 21.
1238 2050 1288 2135 de
1306 2047 1474 2165 Virgine
1492 2049 1671 2164 Deipara
1687 2084 1698 2136 ε
1712 2049 1840 2159 ρματη
1856 2052 1975 2137 celoci
1983 2081 2086 2167 quoe

709 2190 751 2269 te
763 2160 979 2275 deprimens
994 2215 1021 2233 ·
1032 2166 1168 2255 Altum
1186 2168 1399 2254 Tonantem
1416 2164 1622 2283 deprimis3
1653 2169 1785 2255 -Inte
1801 2167 1982 2279 ,nrijnm
2001 2200 2082 2257 non

700 2309 878 2386 ,mernor,
911 2333 933 2351 -
965 2286 1171 2392 Descendit
1201 2286 1337 2373 ecoelo
1354 2283 1490 2370 Deus.
1523 2290 1669 2401 Neque
1688 2288 1781 2397 item
1817 2284 1902 2371 illos
1921 2285 2083 2376 deletu

708 2396 878 2490 Christo
894 2402 937 2488 in
952 2405 1209 2513 Eucharistia
1224 2434 1315 2521 pag.
1341 2432 1423 2519 109
1443 2401 1695 2520 ‚lpsefnctus
1710 2437 1751 2491 es
1758 2403 1964 2521 pusillus·
1981 2405 2081 2493 Pou-

697 2546 800 2635 per,
816 2521 931 2625 etttl,
947 2520 1137 2639 indigent.
1158 2522 1253 2608 Cur
1270 2549 1407 2610 autern
1423 2521 1603 2610 Ctttcem
1619 2521 1793 2609 Domini
1809 2523 1865 2612 sic
1884 2520 2082 2636 alloquen

702 2639 855 2726 Μαιωε
871 2640 1060 2727 Tonantis
1074 2670 1171 2757 quoe
1184 2639 1337 2760 ligobns
1352 2695 1365 2710 ·
1378 2643 1535 2757 Semper
1546 2641 1622 2727 eris
1630 2641 1800 2758 pretioso
1811 2662 1961 2757 torques
1976 2639 1997 2727 ‘i
2014 2643 2082 2733 lta

701 2752 790 2872 lego
805 2787 896 2875 pag.
909 2762 1001 2872 ¹37·
1024 2820 1037 2840 .
1054 2759 1214 2846 Placido
1229 2757 1437 2872 verocoeli
1453 2760 1603 2876 gaudia
1621 2788 1709 2844 non
1722 2758 1983 2877 exprimerem
1999 2760 2081 2853 hoe

701 2901 823 2989 pecto
841 2912 852 2963 t
870 2871 1054 2990 Pontifex
1067 2878 1181 2967 terris
1196 2877 1345 2994 rapitur
1365 2877 1544 2979 Solatur,
1557 2926 1583 2942 -
1593 2876 1713 2961 Feter-
1724 2879 1815 2961 dum
1835 2877 1935 2961 coeli
1939 2875 2078 2987 fremit

698 2993 788 3080 ruta
798 2998 943 3111 plausu
960 3036 979 3081 ·.
1013 2994 1126 3085 Nihil
1144 2995 1236 3085 dico
1266 2995 1315 3081 de
1330 2995 1572 3113 cognomine
1589 2995 1749 3081 notus
1769 3057 1786 3097 ,
1803 2993 1920 3106 quod
1935 2996 1978 3081 in
1994 2999 2075 3110 hy-

695 3111 805 3197 mnis
836 3146 1020 3204 noneste
1053 3113 1315 3203 inserendum
1346 3114 1470 3204 docui
1500 3142 1610 3201 rrum.
1648 3140 1745 3228 199.
1764 3113 1995 3217 Dirum
2027 3114 2093 3228 in,

697 3256 823 3343 quem
838 3235 1082 3322 sententiam
1094 3234 1227 3322 tacere
1243 3232 1436 3323 videntur
1451 3234 1610 3321 decreta
1629 3232 1755 3320 S.Rit
1774 3229 2076 3351 Congregetio·

697 3345 762 3435 nis
780 3380 849 3439 nn.
868 3355 970 3439 Dec.
994 3352 1132 3468 1624;
1147 3380 1185 3440 et
1202 3376 1272 3461 23.
1289 3351 1402 3450 lunii
1422 3349 1546 3467 1736
1564 3412 1575 3433 .
1606 3351 1810 3440 Santolius
1828 3380 1931 3443 veto
1948 3350 2073 3441 Solesi

694 3479 853 3558 nomen
863 3472 1007 3587 gentile
1026 3494 1084 3562 tet
1098 3470 1292 3558 intntsit.
1324 3470 1371 3555 ld
1388 3495 1524 3557 sutem
1539 3468 1675 3557 minus
1691 3498 1752 3559 est
1770 3468 2074 3587 reprehenden-

698 3581 827 3694 dum,
844 3599 939 3678 cum
954 3590 1008 3677 ad
1024 3591 1132 3678 bane
1147 3589 1272 3706 legem
1284 3588 1497 3677 Sentolins
1510 3617 1599 3676 non
1616 3588 1863 3689 attenderit,
1878 3611 1952 3674 ant
1968 3615 2014 3672 ea
2030 3614 2071 3675 se

697 3709 918 3829 astringere
931 3708 1119 3797 noltrerit.
1138 3706 1219 3794 Sed
1231 3706 1348 3824 qnod
1362 3708 1406 3794 in
1423 3707 1691 3822 synaloephas
1707 3735 1747 3797 et
1762 3704 1967 3821 ecthlipses
1985 3734 2074 3793 non

695 3849 788 3938 tero
806 3826 949 3916 incidit
963 3873 984 3931 ,·
1004 3824 1076 3918 uix
1096 3828 1244 3945 dignus
1261 3852 1320 3913 est
1336 3824 1454 3916 venia
1473 3889 1486 3928 ,
1518 3827 1668 3912 cumei
1681 3825 1936 3945 propositum
1949 3823 2075 3913 luerit

692 3947 869 4035 modulis
885 3946 1152 4034 ecciesiasticis
1167 3943 1389 4033 consulere.
1404 3947 1494 4032 Hoc
1512 3944 1618 4032 idem
1638 3945 1788 4035 vitium
1803 3940 1960 4032 Cerolo
1972 3940 2083 4029 cot.

690 4055 753 4144 fin
786 4064 1102 4181 scriptori-Gallo
1134 4062 1258 4181 objici
1271 4088 1426 4179 potest,
1457 4063 1534 4177 qni
1561 4062 1798 4180 professus,
1827 4088 1873 4148 sc
1890 4062 2070 4175 hymnos

688 4181 840 4294 partim
855 4185 999 4268 &nuo
1013 4183 1220 4283 condere,
1245 4182 1390 4301 partim
1407 4211 1690 4302 recognoscere
1709 4182 1934 4297 antiquos,
1964 4208 2071 4296 quos

687 4294 837 4390 idoneis
849 4300 1040 4389 Ecclesire
1073 4305 1210 4387 mutui
1231 4300 1404 4388 numeris
1414 4303 1622 4422 alligaret,
1649 4310 1769 4418 saepe
1787 4298 1970 4387 elisiones
1987 4301 2070 4385 du-

689 4416 887 4510 riusculos
903 4420 1097 4525 admittit,
1115 4448 1160 4508 nt
1176 4450 1268 4536 pag.
1287 4448 1361 4535 41.
1376 4425 1499 4539 Reges
1510 4451 1653 4539 pompo
1669 4420 1787 4521 oiios,
1804 4416 1898 4505 alibi
1915 4419 2066 4506 tutte»

687 4563 908 4630 reumont.
946 4540 1143 4627 Coffinus
1156 4536 1343 4625 Santolio
1360 4540 1504 4626 clarior
1519 4560 1613 4642 est,
1637 4565 1678 4627 et
1694 4537 1853 4626 doctior
1872 4596 1883 4619 .
1918 4540 2067 4670 Nuper
2141 4581 2145 4587 “

686 4647 793 4743 illius
811 4661 991 4772 hymnos
1003 4660 1086 4751 vidi
1118 4659 1222 4748 inter
1238 4658 1449 4749 volumina
1485 4656 1794 4745 miscellaneam
1819 4682 1885 4741 tn.
1907 4654 2065 4744 Biblio-

687 4772 830 4862 thecae
843 4778 1140 4867 Marefuschiae
1159 4780 1239 4865 hoc
1260 4776 1380 4864 tituli
1396 4812 1409 4865 t
1425 4773 1722 4895 Hymnisotri,
1739 4774 1906 4862 Auctore
1924 4772 2062 4861 caron

683 4892 808 5005 soffia
834 4958 849 4999 ‚
881 4901 976 4984 Ant.
998 4895 1265 4985 Universitotir
1281 4895 1512 4985 Potisieusis
1527 4900 1706 4999 Rectore,
1720 4894 1820 4988 cote
1847 4891 1878 4980 ii
1891 4895 2067 4980 noma-

593 5032 597 5039 ·
684 5014 1299 5147 ωιΒιΗουαείΰφηηαείατοΙια
1315 5077 1330 5108 ,.
1361 5014 1703 5137 Parisiistpgo..
1732 5016 1915 5114 Parnm,
1941 5005 2072 5129 etiarn·
2234 5018 2242 5027 '
