5084 6234
675 813 775 905 '¹54
1066 777 1646 873 TDEHYMNIS

684 924 857 1039 loannis
887 920 1086 1043 Baptistae
1125 923 1303 1010 Santevil
1333 950 1664 1032 annumeretur,
1704 926 1890 1047 praefixis
1935 925 2086 1024 littorio

686 1051 733 1137 S.
753 1043 844 1138 VJ?
871 1041 1006 1154 Atqui
1023 1070 1125 1127 anno
1147 1038 1269 1125 1608.
1299 1040 1536 1130 auctoritate
1572 1047 1686 1134 Pauli
1708 1052 1759 1134 V.
1796 1047 1840 1133 in
1873 1048 2071 1139 breviario

688 1169 878 1278 Romano
903 1163 1077 1248 insertus
1098 1183 1183 1260 est,
1202 1186 1251 1246 ut
1267 1161 1389 1247 tradit
1405 1160 1624 1254 Gavantus
1637 1164 1712 1287 (1)
1726 1149 2074 1272 commemoranass

690 1314 786 1373 eum
801 1286 1034 1398 hymnum,
1050 1306 1095 1366 ac
1112 1306 1267 1397 paucos
1285 1280 1383 1364 alios
1405 1276 1455 1389 in
1473 1286 1720 1375 correctione
1735 1284 1973 1376 Urbaniana
2005 1287 2074 1373 in·

684 1428 815 1512 tactos
846 1402 967 1489 fuisse
1001 1398 1154 1485 relictos
1181 1458 1195 1499 ‚
1227 1399 1344 1513 quod
1373 1400 1657 1508 emendatione
1693 1436 1780 1492 non
1816 1404 2071 1524 indigerent.

683 1522 890 1612 Santolius
910 1544 1048 1608 autem
1059 1516 1300 1602 Victorinus
1325 1514 1496 1634 primam
1512 1519 1643 1609 lucem
1664 1522 1769 1611 vidit
1794 1518 1898 1613 arina
1920 1524 2068 1642 1631..

681 1640 834 1731 Decora
859 1643 934 1729 lua
961 1634 1225 1737 aeternitatis,
1253 1665 1443 1723 auream.
1479 1638 1575 1724 olim
1590 1703 1603 1743 ,
1620 1642 1759 1728 Aurea
1786 1639 1904 1746 luce,
1929 1673 1969 1733 et
2000 1645 2073 1731 de·

683 1788 776 1847 core
808 1790 954 1849 roseo.
980 1755 1056 1842 Die
1073 1782 1142 1870 29.
1156 1751 1270 1854 Junii
1307 1755 1361 1840 ad
1393 1785 1608 1877 vesperas.
1637 1761 1770 1880 Elpidi
1799 1762 1920 1848 uxori
1940 1764 2069 1852 Boetii

680 1878 726 1965 ia
742 1881 799 1967 V.
816 1877 948 1966 Card.
962 1871 1173 1961 Thomasii
1192 1874 1440 1985 hymnario,
1458 1903 1579 1993 atque
1598 1879 1691 1969 alibi
1708 1877 1855 1997 passim
1872 1872 2070 1972 adscribi·

681 2022 779 2085 eur.
807 1990 1187 2109 Tirabosehitrs(2)
1207 1990 1405 2096 affirmat,
1439 1994 1487 2082 de
1506 1997 1647 2115 Elpide
1679 2028 1805 2088 uxore
1833 1998 1961 2086 Boetii
1994 2030 2070 2087 ne-¹

681 2118 834 2207 minem
847 2112 967 2206 fuisse
986 2112 1174 2202 locutum
1192 2108 1268 2194 nisi
1289 2109 1389 2197 mille
1405 2112 1486 2198 fere
1507 2145 1638 2202 annos
1651 2143 1741 2233 post
1758 2116 1974 2218 Bauium,
2006 2143 2071 2207 at-

680 2264 762 2351 que
780 2234 882 2345 adeo
901 2233 1013 2323 nullo
1029 2227 1302 2317 fundamento
1335 2228 1378 2314 id
1396 2233 1516 2317 asseri
1534 2234 1731 2323 existimat
1750 2298 1760 2319 .
1777 2234 1912 2321 Fuisse
1931 2263 2069 2325 autem

681 2354 861 2471 aliquam
878 2352 1092 2473 Elpidem,
1115 2378 1223 2484 quae
1256 2346 1434 2460 hymnos
1465 2350 1729 2441 inhonorem
1756 2356 1824 2440 SS.
1849 2354 2072 2469 Apostolo-

679 2499 775 2563 rum
807 2472 937 2575 Petri,
970 2498 1009 2558 et
1026 2468 1142 2556 Pauli
1172 2466 1419 2572 confecerit,
1449 2473 1686 2561 auctoritate
1714 2469 2075 2578 Catd.Thomasii

676 2617 886 2708 permotus
910 2589 1103 2689 inclinat,
1136 2611 1184 2672 ut
1198 2583 1367 2674 credat.

743 2713 844 2803 180.
869 2772 898 2813 ‚‚
918 2710 1030 2800 Deus
1059 2726 1213 2794 tuorum
1248 2702 1447 2794 Militum.
1482 2709 1528 2812 111
1549 2705 1759 2797 communi
1792 2706 1921 2795 unius
1950 2712 2079 2800 Mar-

677 2833 780 2939 tyris
812 2828 1094 2946 advesperas.
1123 2821 1365 2910 Timotheus
1381 2830 1421 2910 S.
1440 2824 1637 2944 Gregorio
1671 2825 1854 2926 tribuit,
1889 2830 2071 2944 hymno-⁹

679 2948 788 3040 rium
803 2952 858 3040 V.
876 2947 1005 3039 Card.
1024 2939 1236 3037 Thomasii
1254 2940 1294 3025 S.
1306 2943 1558 3049 Ambrosiot
1586 2974 1764 3064 eumque
1789 2943 1893 3033 inter
1915 2974 2068 3036 ceteros

677 3066 855 3183 hymnos
872 3071 912 3156 S.
931 3061 1137 3157 Ambrosii
1167 3060 1341 3166 editores
1358 3062 1544 3152 Maurini
1561 3063 1770 3154 referunt.
2067 3060 2069 3063 ’

675 3186 847 3283 Demere
878 3187 1003 3281 cordis
1030 3185 1196 3301 impetus
1227 3176 1455 3270 Elisabeth.
1488 3184 1566 3269 Die
1593 3183 1635 3269 8.
1655 3186 1749 3283 tulii
1779 3180 1834 3268 ad
1847 3214 2063 3304 vesperas.

679 3305 839 3403 Auctor
856 3330 914 3399 est
929 3307 1127 3397 Urbanus
1146 3298 1253 3385 Vlll.
1275 3363 1289 3402 ,
1312 3325 1501 3414 extatque
1519 3302 1584 3389 hic
1609 3304 1791 3416 hymnus
1820 3302 1924 3399 inter
1940 3332 2069 3396 cetera

677 3421 766 3541 ejus
782 3448 967 3551 poemata
984 3424 1134 3515 Romae
1152 3445 1201 3503 eo
1216 3416 1376 3511 vivente
1394 3420 1527 3519 edita,
1559 3442 1600 3512 et
1624 3420 1823 3510 Thadaeo
1841 3422 2067 3511 Barberino

677 3545 856 3671 Principi
872 3539 1230 3632 Praenestinorum
1246 3536 1379 3629 dicata
1399 3602 1424 3656 .

676 3664 785 3760 Dum
803 3685 914 3755 nocte
923 3662 1041 3779 pulsa
1057 3650 1235 3768 Lucifer.
1257 3656 1334 3745 Die
1359 3660 1424 3750 18.
1443 3659 1547 3779 Maii
1569 3658 1623 3748 ad
1655 3657 1825 3748 laudes.
1869 3653 1873 3661 ’

674 3785 774 3873 Eece
789 3785 873 3908 jam
907 3779 1030 3867 noctis
1062 3802 1242 3865 tenuatur
1261 3779 1395 3865 umbra
1415 3844 1426 3867 .
1450 3779 1675 3868 Dominica
1692 3806 1783 3896 post
1812 3783 2062 3868 Pentecostes

676 3928 860 3996 octavam
885 3901 941 3988 ad
970 3899 1140 3987 laudes·
1173 3898 1215 3983 S.
1235 3896 1420 4015 Gregorii
1438 3900 1584 4016 Magni
1606 3962 1620 4002 ,
1652 3925 1700 3985 ut
1726 3923 1892 4018 apparet
1915 3926 1966 3985 ex
1983 3899 2066 4014 hy-

677 4019 837 4111 mnario
865 4013 1254 4115 Card.Thomasii,
1283 4021 1593 4135 erexoperibus
1611 4017 1790 4134 eiusdem
1820 4020 1860 4103 S.
1875 4016 2063 4136 Gregorii

675 4166 767 4258 post
782 4134 1136 4254 Antiphonarium
1165 4131 1209 4221 in
1224 4131 1402 4221 editione
1419 4137 1714 4225 Maurinorum
1734 4198 1745 4223 .

677 4257 850 4381 Egregie
873 4258 1023 4347 Doctor
1038 4256 1160 4343 Paule
1184 4315 1199 4354 ,
1222 4281 1349 4339 morer
1382 4251 1557 4344 instrue.
1588 4256 1711 4356 olim,
1730 4257 1887 4347 Doctor
1912 4253 2065 4373 egregie

676 4377 800 4466 Paule
818 4442 832 4482 ‚
848 4403 978 4465 mores
994 4371 1177 4473 instrue,
1210 4368 1292 4456 Die
1318 4398 1387 4482 25.
1402 4374 1588 4472 ianuarii
1617 4376 1671 4461 ad
1684 4406 1871 4497 vesperas
1886 4411 1898 4465 t
1914 4374 2065 4464 tribui·

677 4521 746 4585 tur
765 4495 928 4617 Elpidi,
946 4493 996 4579 de
1012 4519 1097 4609 qua
1116 4489 1208 4581 vide.
1226 4490 1429 4605 hymnum
1446 4528 1475 4572 =
1490 4496 1641 4584 Decora
1660 4496 1761 4584 lua..

675 4615 786 4715 „Ea
804 4613 906 4708 clara
923 4614 997 4703 Ias
1008 4609 1203 4727 redarguit
1217 4668 1227 4692 .
1239 4608 1352 4712 olim,
1367 4613 1464 4700 Vox
1482 4612 1588 4703 clara
1603 4644 1694 4707 ecce
1712 4616 1901 4705 intonat.
1919 4604 2065 4695 Domi·

676 4731 770 4824 nica
784 4734 913 4853 prima
928 4732 1145 4826 Adventus
1161 4728 1218 4819 ad
1232 4728 1373 4819 laudes
1391 4786 1404 4818 .

727 4900 781 4990 (r)
809 4891 922 4972 Rubr.
950 4893 1056 4969 Brer.
1075 4896 1178 4971 Rom.
1194 4897 1285 4972 Stet.
1306 4915 1339 4989 5·
1448 4904 1501 4990 (a)
1529 4896 1665 4971 Histoe.
1682 4893 1828 4965 iirrerer.
1842 4853 1960 4961 ltaliae
1978 4900 2006 4957 t.
2023 4905 2058 4980 3.

674 4996 949 5094 ⁶¹1²·⁶·'P²ft·²·
1079 5042 1083 5051 ·
1264 5036 1272 5078 1
1389 4990 1777 5112 iib.1.cap.4·autn.8·
