5084 6234
1128 595 1154 638 Ι

928 730 1579 889 accessrnsnrcrs
1672 729 1677 740 ’
1927 808 1977 922 31

1147 1032 1185 1155 y.
1227 1037 1375 1125 xiv,

560 1267 562 1271 =
688 1215 813 1334 Origo
826 1215 868 1303 in
887 1214 1088 1305 Occidente
1103 1213 1302 1316 musicae,
1331 1241 1370 1298 et
1381 1213 1549 1302 alternae
1561 1215 1828 1310 modulationis

1020 1338 1244 1455 hymnorum
1273 1333 1508 1455 inquiritur.

570 1544 646 1635 61.
676 1480 763 1630 Ex
778 1541 1020 1637 bisantem,
1054 1538 1489 1652 quaehactenussunt
1518 1536 1727 1656 exposita,
1751 1539 1879 1640 satis,
1908 1567 1959 1635 ut

571 1662 769 1762 arbitror,
783 1682 941 1743 constat
956 1721 970 1759 ,
987 1687 1056 1776 per
1074 1658 1284 1746 universas
1297 1655 1377 1740 sere
1397 1656 1577 1745 Orientis
1589 1655 1784 1744 Ecclesiae
1800 1660 1959 1749 harmo-

570 1778 684 1866 niam
698 1782 950 1895 hymnorum
967 1779 1264 1867 incrementum
1279 1774 1474 1891 accepisse
1494 1838 1505 1861 .
1523 1773 1741 1890 Reliquum
1757 1803 1830 1875 est,
1844 1805 1893 1867 ut
1907 1781 1959 1867 de

572 1897 758 1984 Ecclesiis
774 1897 1093 1985 occidentalibus
1115 1923 1340 1982 sermonem
1374 1895 1498 1981 modo
1515 1893 1752 1983 instituam.
1785 1900 1827 1982 8.
1846 1900 1962 1986 Hila-

576 2012 688 2116 rius,
717 2043 757 2106 et
771 2021 811 2102 S.
830 2016 1072 2102 Ambrosius
1087 2015 1204 2131 primi
1236 2037 1540 2118 memorantur,
1569 2011 1643 2129 qui
1661 2016 1775 2103 hunc
1808 2047 1963 2105 morem

577 2130 842 2225 induxerint.
874 2139 914 2221 S.
931 2133 1198 2247 lsidorus(1)
1223 2133 1267 2216 id
1293 2131 1504 2221 confirmat
1517 2162 1578 2234 „a
1611 2132 1791 2222 Hilarius
1824 2162 1963 2226 autem

576 2311 606 2354 „
638 2255 779 2342 Gallus
797 2320 811 2358 ,
827 2256 1050 2372 Episcopus
1068 2252 1327 2340 Pictaviensis
1356 2252 1588 2366 eloquentia
1617 2254 1867 2369 conspicuus
1882 2258 1967 2368 hy-

576 2429 607 2474 „
639 2403 831 2458 mnorum
862 2375 1036 2459 carmine
1067 2371 1204 2457 floruit
1237 2372 1419 2488 primus.
1454 2372 1550 2456 Post
1581 2395 1703 2483 quem
1720 2369 1967 2460 Ambrosius

576 2547 608 2590 „
640 2491 953 2579 Mediolanensis
968 2493 1193 2609 Episcopus
1205 2491 1268 2581 vir
1285 2516 1454 2608 magnae
1469 2488 1622 2608 gloriae
1642 2486 1686 2572 in
1704 2485 1875 2575 Christo
1893 2550 1907 2589 ‚
1926 2512 1968 2578 et

576 2667 606 2710 2,
639 2608 882 2699 clarissimus
895 2615 1056 2698 Doctor
1081 2611 1124 2706 in
1148 2610 1324 2697 Ecclesia
1340 2608 1528 2726 copiosus
1542 2608 1586 2691 in
1605 2604 1805 2723 ejusmodi
1821 2608 1970 2693 carmi-

576 2785 608 2830 „
642 2758 690 2815 ne
711 2729 901 2815 claruisse
917 2730 1202 2846 cognoscitur,
1229 2754 1351 2843 atque
1370 2729 1467 2814 inde
1483 2726 1629 2841 hymni
1647 2723 1800 2841 exejus
1833 2725 1971 2811 nomi·

577 2904 606 2945 „
640 2876 688 2930 ne
708 2847 959 2932 Atnhrcsinni
990 2873 1193 2936 vocantur
1210 2912 1224 2949 ,
1240 2847 1337 2962 quia
1355 2846 1442 2963 ejus
1460 2872 1637 2963 tempore
1654 2844 1831 2960 primum
1848 2846 1890 2929 in
1900 2845 1972 2932 Ec·

577 3024 607 3066 „
638 2964 757 3050 clesia
783 2964 1084 3050 Mediolanensi
1103 2964 1292 3051 celebrari
1311 2986 1565 3080 coeperunt:
1596 2962 1715 3078 cujus
1730 2960 1970 3049 celebritatis
2050 3003 2053 3011 ·

579 3080 804 3185 „devotio
843 3082 1010 3206 posthac
1058 3110 1129 3207 per
1163 3082 1288 3173 totius
1319 3080 1558 3172 Occidentis
1580 3078 1792 3169 'Ecclesias
1825 3083 1970 3170 obser-

580 3261 611 3305 „
639 3224 760 3292 vatur
778 3262 834 3301 „.
2083 3303 2085 3308 Ι

645 3325 714 3411 ⁶2.
746 3316 864 3407 Certe
880 3322 921 3405 8.
941 3320 1120 3408 Hilarius
1152 3321 1392 3412 exoriente
1423 3324 1467 3409 in
1484 3320 1750 3411 Occidentem
1783 3346 1969 3407 reversus

582 3432 798 3521 solemnem
817 3440 1065 3553 hymnorum
1082 3468 1248 3529 cantum
1279 3433 1473 3532 invexisse
1490 3439 1738 3556 quibusdam
1771 3435 1966 3526 videtur.

580 3550 647 3638 De
666 3554 744 3643 hoc
758 3585 856 3647 sane
875 3586 1002 3645 cantu
1017 3560 1099 3677 ipse
1114 3557 1295 3673 loquitur
1311 3562 1384 3677 (2)
1399 3597 1455 3662 „2
1474 3562 1633 3648 Audiat
1654 3557 1808 3644 orantis
1824 3551 1968 3673 populi

584 3728 614 3777 „
646 3677 868 3762 consistens
882 3676 973 3790 quis
987 3705 1098 3769 extra
1114 3677 1327 3767 Ecclesiam
1341 3708 1482 3767 vocem
1497 3740 1511 3782 ‚
1529 3700 1677 3795 spectet
1693 3675 1863 3763 celebres
1889 3676 1971 3787 hy-

585 3852 614 3896 „
644 3823 841 3879 mnorum
857 3794 1015 3881 sonitus
1032 3821 1107 3886 etc.
1124 3860 1153 3899 „
1170 3860 1181 3882 .
1215 3797 1269 3883 Et
1285 3796 1380 3885 alibi
1401 3795 1475 3912 (3)
1490 3829 1501 3881 e
1532 3798 1813 3913 „Progressus
1830 3790 1969 3879 Eccle-

584 3973 614 4015 ‚,
642 3912 723 3999 siae
742 3912 784 3997 in
804 3913 1133 4018 matutinorum,
1164 3943 1203 4004 et
1235 3915 1559 4033 vespertinorum
1588 3914 1838 4028 hymnorum
1860 3909 1971 3998 dele-

585 4090 616 4132 „
644 4033 840 4120 crationes
856 4032 1080 4120 maximum
1097 4034 1389 4123 misericordiae
1406 4033 1481 4117 Dei
1500 4031 1663 4151 signum
1680 4056 1739 4121 est
1757 4095 1769 4119 .
1803 4028 1905 4119 Dies
1924 4028 1970 4116 in

586 4208 618 4248 ,‚
648 4151 899 4240 orationibus
912 4152 993 4237 Dei
1009 4154 1241 4256 inchoatur,
1256 4154 1340 4244 dies
1357 4152 1401 4239 in
1418 4152 1582 4267 hymnis
1598 4152 1677 4240 Dei
1692 4150 1898 4239 clauditur
1912 4208 1971 4256 „.

583 4265 641 4356 Et
673 4296 807 4357 rursus
836 4269 937 4387 (4):
963 4332 995 4375 „
1012 4271 1102 4358 Nisi
1121 4271 1222 4360 forte
1300 4271 1511 4363 obscoenis
1540 4269 1612 4360 illis
1644 4271 1971 4391 spectaculorum

586 4448 617 4491 „
648 4384 830 4499 turpium
858 4390 1007 4479 fabulis
1024 4422 1111 4477 non
1143 4392 1355 4484 amoenius
1380 4390 1520 4481 divina
1556 4390 1621 4480 illa
1653 4394 1861 4479 humanae
1886 4386 1982 4523 spei

586 4564 618 4616 2,
647 4503 813 4624 eloquia
827 4534 1042 4602 cantantur
1055 4573 1084 4616 ‚,
1103 4572 1115 4598 .
1132 4510 1293 4601 Auctor
1306 4537 1363 4600 est
1380 4514 1421 4599 8.
1439 4512 1717 4626 Hieronymus
1734 4509 1837 4629 (5),
1862 4506 1977 4596 Hrla·

1644 4658 1671 4717 2

638 4811 692 4900 (ι)
726 4811 784 4881 De
796 4810 919 4885 officiis
938 4814 1258 4916 eccl.lib.r.cap.6.
1356 4830 1409 4913 (4)
1438 4815 1974 4913 lnpstlmm18.th.e.num.14.

639 4913 695 4995 (2)
723 4910 761 4979 ln
777 4913 959 5003 psalmn3.
977 4942 1110 5011 numm.
1356 4928 1410 5009 (ς)
1438 4919 1543 4992 Libro
1557 4913 1842 5012 de'Scriptoribus
1863 4908 1973 4988 eccle·

641 5010 695 5101 (3)
721 5008 1135 5115 lnpsalm.c4.num.12.
1307 5017 1452 5093 siceticis
1471 5066 1483 5089 .
1961 5017 1982 5070 ·'
