5084 6234
1114 812 1646 907 ‘HYMNODIA'

979 958 1115 1045 Nemo
1149 986 1274 1075 puras
1296 954 1363 1040 hic
1395 956 1584 1075 rogando

1039 1078 1201 1161 Frustra
1235 1072 1433 1191 congessit
1460 1102 1629 1191 preces,
1661 1115 1663 1120 ·

1037 1191 1189 1280 Laetus
1221 1194 1320 1278 hinc
1352 1192 1464 1280 tersis
1493 1193 1659 1284 revertit

1035 1311 1292 1428 supplicator
1323 1306 1511 1412 fletibus,

1036 1427 1172 1513 Omne
1205 1428 1323 1544 quod
1355 1425 1512 1545 justum
1542 1433 1727 1551 poposcit

1033 1546 1297 1665 Impetratum
1310 1584 1313 1589 ⁴
1326 1545 1504 1635 sentiens
1522 1611 1534 1632 .

972 1666 1230 1784 Sempiterna.
1254 1667 1305 1754 sit
1332 1667 1472 1753 beatae

1032 1783 1223 1873 Trinitari
1250 1784 1407 1900 gloria,

1028 1904 1177 2018 Aequa
1209 1903 1348 2004 Patri,
1379 1901 1591 2019 Filioque,

1027 2024 1109 2107 Par
1140 2023 1265 2106 decus
1297 2020 1526 2107 Paracliro:

1029 2138 1199 2242 Unius,
1222 2137 1404 2249 trinique
1436 2166 1594 2227 nomen
1619 2241 1623 2256 Ι

1032 2258 1193 2345 Laudet
1223 2256 1498 2347 universitas.

670 2485 938 2612 Admota-q.
971 2448 1185 2588 Saeviens
1218 2497 1316 2583 olim
1347 2496 1550 2588 secundos

1029 2617 1180 2703 israelis
1230 2639 1411 2733 posteros

1026 2734 1192 2822 Ductor
1230 2733 1346 2819 aulae
1378 2731 1599 2821 mundialis

913 2878 958 2970 4.
1029 2850 1150 2939 Thus
1182 2879 1360 2941 cremare
1393 2849 1565 2969 jusserat

912 3000 951 3086 5.
1032 2971 1270 3058 Nominum
1297 2984 1427 3060 vanas
1457 2972 1512 3057 ad
1544 2985 1669 3069 aresi

1027 3088 1120 3181 Esse
1150 3087 1308 3182 Christi
1334 3089 1525 3210 defugas.
1985 3156 2064 3244 Hic

675 3330 775 3421 NOS
797 3324 1019 3427 penultimam
1039 3334 1126 3405 mele
1142 3332 1307 3428 corripuit
1323 3374 1335 3397 .
1411 3327 1516 3399 altera
1533 3327 1633 3402 brevi
1646 3344 1802 3403 constans
1815 3379 1827 3413 ,
1840 3350 1875 3405 et
1891 3311 1963 3410 vox
1982 3347 2069 3411 Gra·

681 3427 824 3501 Rectius
841 3427 1016 3502 diceretur
1043 3461 1055 3513 ς
1086 3428 1339 3510 l'rudentium,
1406 3423 1507 3497 vibus
1520 3443 1588 3498 tres
1602 3424 1749 3521 syllabas
1763 3430 1884 3503 breves
1897 3437 2069 3510 continet.

686 3524 839 3621 aliosque
866 3546 998 3601 veteres
1026 3553 1091 3600 non
1116 3526 1218 3600 foisse
1237 3529 1339 3598 dece·
1409 3523 1623 3617 Responderi
1645 3542 1804 3618 potest,
1838 3528 2064 3614 Prudentiuru

681 3641 786 3720 ptos,
809 3641 868 3696 aut
883 3627 1054 3721 ignorasse
1069 3650 1185 3699 reram
1202 3624 1338 3721 quanti·
1407 3645 1471 3716 pro
1486 3625 1650 3695 trochaeo
1666 3626 1817 3716 posuisse
1832 3630 1953 3719 pedem
1969 3654 2065 3704 com·

543 3757 556 3768 -
681 3721 1339 3819 tatemsyllabarum‚sedvoluissesuo·
1406 3744 1521 3813 parem
1537 3721 1749 3818 tribrachym
1783 3726 1892 3799 tribus
1918 3727 2068 3823 syllabis

683 3846 761 3897 rum
776 3839 969 3916 temporum
985 3824 1223 3899 consuetudini
1238 3824 1339 3895 obse·
1406 3816 1570 3892 brevibus
1587 3839 1809 3895 constantem.
1825 3822 1958 3898 Etenim
1973 3851 2066 3906 com·

682 3918 764 4016 qui.
779 3919 951 4010 Septimus
966 3948 1082 3996 versus
1096 3924 1129 3996 in
1145 3921 1338 4002 breviariis,
1408 3917 1534 4011 putatis
1548 3920 1678 3990 duabus
1692 3918 1833 4013 syllabis
1850 3924 1976 4002 ‚altera
1990 3926 2064 3998 lou·

643 4039 650 4051 ‘
684 4014 856 4091 eeoffieiis
873 4022 1023 4115 propriis
1048 4023 1238 4101 scribitur,
1260 4026 1340 4091 Gra·
1406 4040 1473 4111 ga.
1503 4038 1588 4107 quae
1608 4032 1660 4087 est
1674 4018 1821 4090 duorum
1839 4036 2034 4115 temporum
2049 4017 2080 4109 ,ι’

682 4110 787 4191 eiius
799 4116 906 4189 ambit
923 4121 1032 4191 circlis
1044 4156 1068 4193 .-,
1085 4118 1150 4191 Sed
1170 4116 1341 4201 editiones
1409 4113 1516 4186 altera
1545 4113 1641 4184 brevi
1660 4112 1759 4186 unius
1776 4119 1971 4213 temporis,
1990 4123 2069 4199 coti·

682 4228 860 4288 correctae
895 4220 987 4307 ¹apud
1024 4216 1265 4289 bollandianos
1298 4213 1344 4286 eti
1413 4215 1489 4286 dem
1507 4229 1702 4302 temporum
1720 4234 1769 4289 esc
1783 4240 1843 4310 pes
1859 4224 2068 4310 trochaeus,

685 4313 771 4387 berc
785 4311 920 4397 diem,et
935 4311 1020 4385 aliae
1034 4316 1170 4397 habent,
1187 4311 1342 4396 circulis,
1413 4333 1452 4383 ac
1467 4312 1688 4403 tribrachys.
1710 4312 1837 4387 Verum
1866 4318 1900 4390 id
1931 4318 2069 4395 licuerit

685 4411 758 4485 sine
772 4416 1028 4491 contractione.
1054 4411 1177 4505 Neque
1190 4434 1277 4485 vero
1289 4433 1342 4484 ra·
1410 4406 1686 4492 Prudenti03sed
1704 4409 1738 4481 in
1754 4433 1853 4488 cantu
1869 4417 2079 4514 ecclesiasti-¹¹

685 4510 734 4585 tio
749 4512 1006 4594 metricorum,
1020 4510 1047 4584 si
1064 4507 1340 4605 legaturcirclis‚
1410 4530 1453 4580 co
1467 4528 1586 4577 versus
1604 4528 1669 4580 una
1688 4511 1820 4605 syllaba
1845 4516 1982 4606 longior
1994 4509 2081 4609 {⁰0¹¹}

688 4630 767 4680 cum
787 4611 975 4702 penultima
988 4607 1101 4683 brevis
1120 4633 1190 4682 esse
1205 4609 1355 4682 debeat..
1413 4606 1524 4679 levem
1544 4625 1636 4680 creat
1652 4607 1913 4693 difficultatem,
1937 4631 1972 4685 ec
1988 4609 2083 4708 iodef

688 4706 739 4779 At
756 4708 797 4778 de
813 4710 923 4800 prima
952 4706 1231 4791 vocecraoibas
1258 4706 1359 4801 quid,
1411 4701 1570 4778 ellectum
1586 4724 1665 4789 est,
1693 4730 1730 4780 ut
1745 4712 1777 4780 in
1801 4705 1979 4780 breviariis
2005 4732 2067 4781 ae·

689 4802 758 4874 erit
773 4805 982 4879 dicendum?
1015 4810 1105 4880 Nam
1122 4808 1252 4900 primus
1281 4827 1357 4898 pes
1410 4803 1522 4899 glecta
1539 4803 1697 4877 carminis
1723 4806 1853 4876 ratione
1869 4802 2067 4895 appositum

690 4904 934 4978 trochaeusest
953 4905 986 4976 in
1003 4912 1066 4978 boc
1082 4907 1268 4979 carminum
1286 4927 1344 4999 ge·
1408 4904 1540 4987 luerit,
1558 4901 1725 4975 crassius
1736 4902 1844 4972 ambit
1856 4903 1990 4978 circlis.
2006 4907 2067 4992 Ju-

692 5022 786 5087 aete,
804 5004 933 5092 duabus
950 5003 1091 5100 syllabis
1099 5006 1218 5100 prima
1230 5004 1344 5097 longa,
1411 5019 1501 5075 vent
1526 5001 1628 5074 etiam
1643 4994 1912 5076 animadvertere
1929 5051 1943 5088 ,
1974 5029 2068 5102 quar·
