5084 6234
680 814 762 930 156
1058 803 1631 895 ‘'DEHYMNts

739 949 997 1052 162.'„Jou
1028 976 1166 1032 corona
1200 942 1360 1032 celsior.
1393 944 1439 1028 ln
1473 948 1681 1035 communi
1723 945 1946 1036 Cofessoris
1977 960 2065 1039 riou
2158 1015 2162 1023 ·

674 1067 917 1169 Pontificis,
953 1068 1007 1155 ad
1038 1063 1178 1154 laudes
1196 1126 1206 1149 .
1227 1066 1267 1150 S.
1296 1063 1500 1151 Ambrosii
1533 1097 1581 1153 ex
1611 1069 1824 1182 hymnario
1859 1073 1912 1155 V.
1931 1068 2062 1158 Card.

674 1185 912 1275 Thomasii.
1594 1260 1596 1263 ,

673 1310 804 1410 „Iesu
822 1334 957 1391 coronu
973 1302 1164 1421 virginum
1187 1364 1197 1387 .
1228 1300 1277 1385 In
1304 1302 1512 1386 communi
1529 1303 1752 1418 Virginum
1780 1302 1833 1390 ad
1847 1333 2054 1422 vesperas.

669 1427 711 1512 S.
727 1422 910 1538 Gregorii
934 1453 983 1509 ex
1009 1422 1254 1521 Timotheo,
1287 1421 1312 1503 S
1346 1416 1550 1506 Ambrosii
1585 1451 1634 1509 ex
1652 1423 1943 1511 V.Thomasio
1962 1424 2059 1541 (a).

662 1547 753 1643 Iesu
771 1542 886 1627 clerus
901 1540 1131 1662 Angelicum
1154 1600 1164 1620 .
1204 1540 1249 1621 ln
1266 1538 1365 1624 festo
1402 1540 1469 1624 SS.
1488 1539 1677 1630 Nominis
1691 1545 1785 1639 Jcsu
1802 1544 1856 1627 ad
1892 1542 2059 1631 laudes:

667 1690 757 1779 pars
774 1659 916 1771 hymni
936 1658 1153 1774 rhythmici
1171 1654 1398 1773 sequentis.
2021 1733 2031 1746 ..

660 1783 750 1877 ‚lesu
767 1778 1115 1867 dulcismemoria.
1143 1780 1190 1861 ln
1208 1778 1311 1862 festo
1341 1774 1408 1858 SS.
1427 1774 1617 1864 Nominis
1641 1782 1733 1878 lesu
1762 1776 1816 1865 ad
1847 1808 2058 1897 vesperas.

669 1896 838 1983 Plurimi
856 1898 970 1982 hunc
989 1900 1191 2012 hymnum
1206 1898 1245 1980 S.
1268 1890 1478 1977 Bernatdo
1510 1897 1777 1998 adscribunt,
1804 1926 2057 2014 repugnante

665 2013 909 2130 Mobillonio
924 2013 998 2130 (1)
1015 2081 1026 2118 ,
1044 2016 1115 2130 qui
1135 2010 1360 2110 existimat,
1376 2010 1417 2091 S.
1434 2010 1651 2101 Ductorem
1681 2046 1754 2102 nec
1772 2016 2057 2129 rhythmycos,

666 2160 742 2223 uec
761 2130 945 2219 metricos
963 2164 1101 2222 versus
1115 2159 1304 2245 unquam
1322 2129 1589 2241 composuisse
1614 2197 1624 2218 .
1651 2137 1859 2220 Praeterea
1893 2135 1957 2222 hic
1974 2137 2057 2246 hy·

664 2281 787 2340 mnus
802 2251 1059 2360 rhythmicus
1092 2252 1141 2337 de
1161 2251 1338 2335 Nomine
1357 2249 1449 2342 lesu
1483 2250 1525 2332 in
1555 2253 1735 2364 quodam
1753 2251 1908 2339 Codice
1925 2250 2055 2340 Vallis

667 2368 822 2457 Cernai
842 2366 1017 2457 Ordinis
1046 2366 1325 2458 Cistetciensis
1349 2363 1584 2455 inscribitur
1601 2401 1614 2455 r
1629 2367 1836 2460 Meditorio
1854 2370 2066 2483 cujusdam.

669 2488 844 2608 Virginis
870 2490 917 2576 de
931 2487 1075 2578 Amore
1092 2487 1233 2578 Christi
1248 2487 1269 2602 (
1292 2487 1315 2599 )
1334 2550 1344 2573 .

665 2750 743 2838 '⁶(c)
766 2745 1047 2818 Bartholomaeus
1063 2747 1330 2819 leonardusAr·
1390 2756 1504 2821 Fratre
1532 2749 1737 2820 Bernarclino
1767 2751 1806 2818 de
1836 2746 1945 2817 Bessis
1976 2748 2055 2819 ord.

669 2845 922 2939 gensoltpoeta
955 2844 1125 2936 Hispanus
1154 2863 1327 2936 praestan·
1390 2849 1476 2917 Min.
1496 2849 1737 2942 compositum,
1771 2860 1803 2915 er
1832 2870 1851 2913 a
1886 2845 1980 2913 Sixto
1994 2850 2055 2916 W.

667 2942 844 3025 tissimus,
874 2943 928 3012 cui
945 2966 1004 3034 par
1017 2942 1107 3013 solus
1123 2944 1194 3025 eius
1224 2942 1329 3014 frater
1390 2951 1521 3016 Summo
1549 2943 1708 3028 Pontifice
1740 2941 1992 3041 approbatum,
2021 2955 2056 3010 et

667 3042 855 3133 Lupercius
885 3043 1121 3124 censebatur,
1150 3040 1326 3133 pulchram
1388 3056 1493 3138 nuper
1505 3041 1746 3139 supplicatione
1774 3050 2052 3111 inhoncvemu.

666 3136 766 3220 hujus
792 3138 1118 3231 hymni‘versionem
1134 3158 1244 3213 metro
1260 3139 1329 3210 his·
1390 3139 1605 3211 raeDubiem
1636 3142 1714 3210 ord.
1733 3141 1860 3211 Miner
1888 3136 2053 3208 clemente

664 3258 753 3327 pano
786 3237 886 3307 hahet
896 3250 978 3330 pag.
999 3243 1081 3323 361.
1097 3240 1176 3307 edit.
1211 3246 1329 3307 Caesa·
1393 3245 1467 3309 Vll.
1500 3236 1728 3323 confirmatum
1743 3255 1805 3309 etc.
1824 3236 2053 3309 .Benedictus

650 3355 767 3427 reug.
790 3340 917 3429 ¹⁶34·2
949 3340 1038 3407 lesus
1055 3358 1175 3405 corona
1190 3334 1329 3405 delVir·
1388 3335 1483 3404 xlv.
1500 3337 1538 3405 cle
1557 3335 1679 3421 Beatif.
1694 3335 1792 3430 lib.4.
1804 3351 1879 3431 pa.
1900 3348 1973 3428 cap.
1995 3334 2059 3422 3‘1.

663 3433 765 3527 gineo
786 3441 895 3502 coro.
926 3431 1019 3502 ldem
1041 3436 1235 3527 hymnum,
1266 3434 1328 3503 Ad
1388 3454 1480 3502 num.
1496 3454 1554 3525 7.‚
1583 3447 1615 3504 er
1632 3434 1671 3503 le
1698 3442 1781 3502 Fert.
1800 3431 1858 3502 lib.
1879 3453 1909 3501 r.
1926 3446 1996 3525 cap.
2018 3449 2049 3517 3.

661 3531 818 3629 perennis
832 3530 925 3601 uitae
938 3528 1065 3615 fontem
1093 3532 1127 3602 8.
1144 3530 1234 3602 Petri
1251 3528 1325 3601 Da·
1387 3554 1467 3619 noy.
1482 3546 1594 3629 etseq.
1611 3552 1683 3602 rem
1701 3531 1803 3625 peulo
1819 3528 2048 3608 alirumnas,

663 3627 766 3701 misni
800 3628 954 3701 versibus
983 3628 1147 3722 Hispanis
1176 3628 1325 3701 reddidit
1387 3628 1547 3711 nimirum
1580 3629 1827 3703 Bentsrdinum
1857 3627 1898 3698 de
1932 3622 2047 3695 Bustis

660 3741 855 3825 pqg.349.‚
874 3726 1055 3821 pluresque
1072 3728 1218 3821 psalmos
1236 3750 1328 3821 prae·
1355 3743 1357 3748 '
1386 3728 1563 3801 officiums
1577 3752 1613 3801 se
1626 3720 2049 3819 compositumSixtolV.‚

664 3843 757 3896 teres
771 3826 845 3896 eliis
861 3826 893 3897 in
911 3828 992 3898 locis
1008 3850 1151 3919 operum
1168 3875 1179 3897 .
1386 3843 1420 3898 et
1435 3826 1635 3899 Innocentio
1651 3826 1748 3897 Vlll.
1763 3824 1923 3895 obtulisse
1941 3867 1952 3901 ,
1988 3842 2049 3890 ne·

675 3959 686 3972 ·
713 3930 766 4012 (1)
794 3924 892 3997 Tom.
912 3942 943 4008 ς.
975 3949 1070 4016 oper.
1100 3927 1136 4000 S.
1160 3926 1262 3997 Bern.
1294 3924 1325 3995 in
1387 3948 1454 4017 que
1468 3927 1509 3996 ab
1525 3925 1572 3996 eis
1608 3924 1791 4016 quidquam
1821 3922 2049 4010 impetrasse,

663 4019 792 4114 pretist
806 4023 847 4091 ad
864 4044 1004 4094 versus.
1386 4044 1424 4094 sc
1438 4024 1571 4094 tandem
1589 4021 1805 4093 Clementem
1821 4018 1975 4098 Vlheius
1992 4039 2051 4109 po·

675 4178 683 4193 .
712 4116 763 4212 (b)
790 4117 953 4190 Officium
983 4120 1040 4191 SS.
1062 4120 1222 4192 Nominis
1244 4118 1324 4205 lesu
1387 4118 1561 4192 stulstioni
1576 4116 1908 4210 subscripsisse.]am
1926 4117 2051 4212 rhyth-

663 4210 685 4289 ι’
695 4217 730 4289 S.
746 4216 955 4287 Bernsrdino
970 4218 1106 4290 Senensi
1121 4220 1223 4292 fuisse
1236 4242 1327 4291 com·
1386 4242 1480 4290 mum
1514 4218 1652 4309 ipsum:
1682 4222 1756 4290 lesu
1789 4214 1895 4288 dulcis
1923 4236 2050 4287 meme·

661 4315 811 4410 positum
828 4315 949 4406 passim
969 4315 1115 4388 traditur
1130 4365 1140 4388 .
1155 4320 1196 4388 Et
1210 4316 1326 4387 fortas·
1385 4317 1463 4399 ria,
1489 4315 1599 4388 eidem
1633 4314 1847 4387 Bernsrdino
1876 4316 1919 4386 de
1937 4312 2050 4385 Bostie

663 4438 698 4488 se
712 4413 850 4508 aliquod
868 4413 1017 4485 officium
1034 4413 1090 4484 ille
1107 4414 1293 4486 confecerit
1312 4462 1323 4485 .
1385 4438 1451 4511 ego
1466 4415 1608 4486 referem
1623 4430 1827 4506 acceptum,
1845 4411 1907 4483 nisi
1924 4409 2049 4483 certio·

662 4513 726 4584 Sed
743 4512 774 4582 in
793 4511 965 4583 breviario
984 4512 1138 4587 Romano
1153 4515 1191 4584 de
1217 4535 1325 4585 eame-
1387 4536 1440 4585 ees
1468 4510 1602 4584 tabulae
1629 4511 1886 4607 proferantur,
1923 4506 2044 4601 quibus

660 4632 699 4685 re
728 4609 891 4703 inscripto
925 4611 1067 4685 Veneriis
1096 4631 1201 4699 1550.
1233 4615 1323 4708 apul
1383 4610 1503 4703 opinio
1520 4611 1688 4684 contraris
1702 4612 1970 4685 corroboretur.
1995 4602 2046 4672 lix

660 4716 776 4783 leneas
797 4709 842 4777 in
855 4708 917 4794 fol.
937 4710 1015 4807 lego
1041 4713 1217 4794 officium,
1250 4736 1321 4805 quo
1381 4710 1580 4783 Bernardini
1600 4712 1736 4783 nomine
1750 4706 1906 4778 inductus
1926 4701 2045 4771 fortas·

659 4828 748 4883 nunc
764 4808 916 4887 utimur,
944 4833 1020 4883 cum
1036 4815 1225 4907 rhythmo,
1244 4816 1319 4884 ress
1380 4808 1425 4883 eis
1438 4826 1488 4881 est
1504 4832 1627 4889 error,
1654 4826 1691 4893 ut
1717 4807 1896 4897 rhythmus
1909 4798 1943 4869 8.
1959 4799 2045 4868 Ber·

655 4906 767 4984 'dulcis
780 4904 964 4988 nremorie,
991 4928 1025 4980 et
1039 4911 1103 4980 hoc
1117 4910 1221 4982 titulo
1237 4957 1248 4979 .
1263 4909 1319 4995 Of·
1379 4910 1487 4981 nardo
1505 4954 1518 4989 ,
1545 4926 1579 4978 et
1597 4923 1707 4976 totum
1734 4897 1886 4969 officium
1901 4896 1934 4966 S.
1957 4895 2046 4967 Ber·

657 5003 997 5098 ficinensetrethu'ms‘
1025 5006 1189 5100 Nominis
1204 5015 1318 5085 lerna
1378 5006 1519 5081 nardino
1533 4999 1670 5096 Senensi
1683 4993 2045 5072 eneruaueruncte·
