5084 6234
756 845 760 852 .
850 769 1511 868 nccunstasrtms
1795 803 1882 893 ως

492 950 582 1029 eta,
613 918 785 1009 uidelicet
801 951 811 1004 s
830 920 973 1005 ladam
1005 914 1101 1035 ogni
1131 943 1319 1002 momento
1337 915 1434 1002 -sin
1459 915 1489 1000 il
1503 911 1884 1037 santissimo'Sngro-

492 1068 650 1143 mento;
692 1066 763 1126 aut
782 1066 793 1121 t
815 1040 867 1129 Vi
897 1040 1014 1125 adoro
1045 1037 1141 1155 ogni
1163 1059 1353 1122 momento
1368 1088 1390 1102 -
1408 1036 1449 1121 O
1468 1036 1553 1123 uiuo
1581 1036 1663 1122 Pan
1689 1036 1751 1122 del
1766 1039 1849 1127 ciet
1861 1092 1886 1116 -
1943 1103 1946 1108 -

494 1168 599 1253 Gran
614 1166 870 1280 Sagrameuto
884 1155 989 1261 3vel:
1005 1156 1073 1242 Sia
1090 1155 1217 1241 lodato
1242 1153 1339 1274 ogni
1351 1182 1541 1240 momento
1556 1204 1578 1220 -
1595 1156 1696 1241 Gau
1711 1156 1883 1277 Figtiaat
1905 1208 1908 1214 ·

492 1283 535 1369 eli
548 1284 627 1370 Dio
638 1346 653 1385 ,
674 1276 752 1363 edi
768 1277 902 1364 Maria
918 1328 940 1343 -
971 1277 1036 1361 nel
1049 1276 1305 1396 Sagtnmento
1331 1306 1345 1376 ;
1371 1277 1470 1360 etde
1486 1304 1531 1361 eu
1554 1274 1748 1361 excitatur
1761 1308 1882 1392 quae-

474 1383 594 1503 ‘stio,
626 1419 755 1485 utrum
772 1396 813 1482 iu
830 1398 902 1483 tali
917 1395 1201 1483 circumstantia
1216 1398 1267 1481 nb
1282 1393 1518 1482 ecclesiaram
1539 1393 1779 1480 Praesulibus
1789 1426 1885 1512 per·

493 1523 595 1608 mitti
603 1516 725 1638 possit
739 1574 750 1595 .
783 1536 826 1600 ut
844 1520 1138 1601 decantetur...
1168 1515 1443 1632 Comprehendi
1458 1515 1606 1601 videtur
1634 1515 1676 1600 iu
1692 1514 1884 1603 constitu-

492 1639 658 1728 tionibus
672 1634 868 1722 Benedicti
879 1636 994 1722 XIV.
1014 1698 1027 1737 ,
1053 1635 1274 1751 inquorum
1292 1665 1372 1722 una
1395 1634 1546 1723 recitari
1571 1632 1882 1734 inlitteratus,

491 1784 563 1846 out
578 1756 786 1844 inusitatos
802 1753 1020 1856 orationem
1041 1780 1078 1840 et
1093 1755 1134 1838 itt
1153 1757 1274 1841 altera
1293 1756 1333 1840 irs
1350 1755 1468 1842 sacris
1484 1753 1619 1841 ritibus
1637 1784 1691 1841 ex
1706 1754 1888 1841 orationi·

494 1878 590 1977 bus,
607 1875 738 1992 quales
754 1894 845 1961 sunt
869 1872 1094 1991 praedictae
1111 1872 1332 1961 cautilenae
1348 1937 1363 1977 ,
1394 1905 1473 1963 non
1499 1874 1674 1961 admittit
1690 1873 1770 1962 uisi
1784 1900 1853 1960 eos
1869 1934 1888 1978 ,

494 2025 593 2113 quae
611 1996 653 2081 in
685 1995 837 2080 ecclesia
852 2013 1024 2111 receptae
1038 2011 1157 2082 suat.

555 2114 653 2231 246.
687 2114 838 2198 Parum
855 2111 932 2200 sibi
949 2141 1134 2203 constare
1153 2112 1218 2202 hic
1236 2138 1381 2202 auctor
1401 2113 1684 2217 videtur,dum
1698 2112 1775 2198 has
1792 2141 1888 2201 can·

495 2231 698 2321 tiunculas
715 2230 771 2318 ait
784 2263 863 2319 esse
882 2234 1114 2336 orationes,
1147 2234 1263 2347 quod
1289 2235 1338 2319 de
1352 2233 1519 2321 Motetis
1552 2260 1672 2351 negat
1690 2294 1703 2317 .
1724 2235 1888 2322 Fortas-

492 2380 532 2440 se
550 2382 637 2478 quo
655 2374 834 2468 tempore
852 2350 911 2436 ille
924 2354 1147 2454 scribebat,
1164 2382 1260 2439 usus
1273 2354 1422 2437 harum
1435 2350 1765 2453 cantilenarum,
1783 2379 1890 2464 quas

494 2471 660 2558 damnat
677 2535 691 2573 ,
727 2471 917 2556 nondum
934 2472 1027 2560 satis
1046 2470 1180 2559 luerat
1198 2470 1489 2560 confirmatus.
1521 2469 1655 2557 Modo
1671 2497 1773 2561 veto
1790 2498 1890 2560 cum

495 2591 539 2675 in
559 2590 639 2675 fere
656 2590 848 2679 omnibus
866 2590 1038 2679 ecclesiis
1055 2593 1208 2679 Romae
1246 2591 1290 2676 id
1306 2590 1377 2680 fiat
1397 2656 1413 2693 ,
1439 2589 1706 2692 videntibus,
1738 2616 1778 2681 et
1794 2616 1893 2677 con·

415 2737 419 2745 ·
494 2708 756 2797 sentientibus
775 2710 1096 2825 Superioribus,
1127 2737 1209 2798 tatu
1235 2710 1346 2827 piam
1374 2711 1501 2801 totius
1527 2708 1669 2827 populi
1703 2708 1892 2798 canentis

493 2857 572 2915 suo
606 2825 800 2914 idiomate
831 2832 1173 2918 consuetudinem
1203 2829 1290 2915 siue
1317 2828 1547 2916 temeritatis
1572 2856 1669 2916 nota
1698 2856 1892 2916 nemore·

496 2945 766 3062 prehenderet
785 3006 795 3028 ·
826 2947 958 3063 Quod
974 2949 1023 3035 de
1040 2949 1206 3064 hymnIs
1221 2974 1333 3035 extra
1353 2948 1542 3037 divinum
1558 2946 1742 3033 officium
1761 2944 1892 3035 usita-

494 3063 543 3164 tis
558 3126 575 3167 ,
600 3065 945 3183 contionibusque
961 3068 1198 3187 vulgaribus
1215 3068 1371 3153 dictum
1388 3066 1439 3155 sit
1453 3065 1548 3153 satis
1563 3064 1635 3182 (u)
1654 3126 1665 3147 .

543 3282 600 3369 (a)
613 3279 899 3375 Antiquissimum
916 3286 1064 3375 estapud
1080 3284 1161 3356 His·
1220 3280 1333 3357 minus
1356 3281 1464 3351 Poeta
1488 3327 1502 3364 ,
1530 3301 1633 3374 quarn
1663 3278 1890 3374 Theologut,

495 3400 725 3472 paoosgenus
756 3405 897 3476 poeseos
928 3384 1078 3477 vulgaris
1105 3408 1160 3456 sa·
1218 3405 1353 3456 causam
1382 3378 1520 3471 piorum
1549 3395 1729 3471 poetarum
1765 3377 1890 3474 agitio

496 3499 599 3561 ctae,
625 3478 796 3575 valdeque
810 3481 999 3562 usitatum,
1019 3483 1070 3554 uti
1089 3482 1159 3554 eol·
1218 3477 1427 3575 praelatione
1443 3479 1484 3550 ad
1499 3477 1563 3552 111.
1579 3475 1884 3568 librumsuorum

495 3573 555 3672 ligi
574 3594 689 3672 potest
703 3602 746 3649 ex
761 3576 897 3650 attttat.
911 3602 999 3650 aava
1012 3581 1159 3675 Nicator·
1218 3576 1423 3651 Carminum
1434 3573 1841 3665 edition.Mediolsn.t63
1852 3596 1887 3648 t·

418 3701 421 3705 ’
497 3678 645 3749 Antonii
658 3678 1048 3751 iatndt‘ceMatetiarum
1064 3680 1156 3751 clas·
1218 3678 1276 3771 qui
1298 3675 1353 3768 pia
1369 3690 1524 3767 poemata
1541 3673 1711 3755 continete
1724 3695 1751 3767 y
1766 3673 1879 3756 aaate,

495 3797 528 3846 se
548 3800 606 3852 at.
628 3776 730 3850 attat.
748 3785 935 3857 Paemata,
960 3781 1153 3874 poematia,
1214 3774 1351 3869 iuquit,
1379 3773 1463 3847 cleve
1484 3788 1579 3844 tester
1603 3787 1833 3870 persecute,
1862 3791 1888 3844 ο

497 3878 645 3948 earmina
662 3876 817 3971 uulgaris
831 3876 1001 3972 Hispanae
1015 3877 1153 3974 linguae
1212 3890 1276 3973 par
1293 3894 1417 3968 agenor
1432 3873 1472 3943 de
1490 3871 1523 3942 la
1538 3874 1687 3966 sagrada
1710 3870 1885 3944 Ettritum

493 3992 612 4055 tacta,
637 3990 670 4045 et
692 3974 859 4048 moralia.
889 3976 945 4046 Ad
962 3999 1051 4049 meas
1065 4001 1155 4070 quo·
1217 3974 1266 4046 les
1283 3980 1412 4054 Verres,
1425 3984 1490 4066 pot
1501 3991 1567 4068 qtae
1580 3986 1673 4042 antes
1687 3969 1718 4043 le
1730 3990 1790 4043 tert
1804 3989 1885 4065 arey

495 4091 564 4162 que
579 4093 694 4145 manus
719 4072 876 4166 pervenit
895 4071 1026 4145 libellus
1044 4076 1079 4147 itt
1100 4100 1157 4152 te.
1213 4072 1368 4172 proprios
1384 4119 1396 4154 ,
1408 4091 1434 4163 y
1447 4083 1503 4141 tan
1516 4069 1705 4164 attiguas,
1734 4090 1798 4167 que
1816 4069 1888 4140 det·

493 4168 744 4243 characteribus
756 4170 906 4269 gothicis
922 4171 1032 4245 editus
1054 4191 1157 4263 1555.
1218 4175 1256 4244 tle
1273 4171 1305 4242 el
1316 4168 1484 4266 principio
1500 4169 1539 4241 de
1552 4167 1585 4239 la
1598 4167 1826 4263 Iglest'abasta
1841 4186 1885 4262 ey

494 4263 567 4338 sine
587 4261 655 4336 loci
669 4285 746 4341 nota
766 4269 976 4362 inscriptus:
1000 4280 1157 4345 cantares
1217 4270 1265 4342 las
1278 4268 1343 4341 hats
1360 4270 1462 4340 stada
1478 4291 1517 4339 ea
1538 4266 1605 4340 ella
1623 4265 1760 4340 morbos
1785 4265 1884 4336 bota·

493 4362 704 4457 mystetiosos
733 4367 785 4438 aet
813 4371 906 4455 Vicit
919 4416 932 4450 ,
969 4392 996 4464 y
1025 4375 1155 4465 Natos
1216 4365 1617 4465 bratgtattdesettletras
1626 4360 1883 4460 yentaatidtd.

492 4466 704 4534 Testamenta
741 4486 849 4538 araca
888 4482 981 4539 antes
1015 4472 1156 4566 impres·
1216 4466 1606 4567 qaeaaatraraaqata·
1619 4487 1661 4535 aa
1675 4462 1885 4535 temlerum

492 4583 571 4633 sas.
603 4558 773 4635 Continet
811 4566 958 4660 hymnos
998 4567 1155 4664 vulgares
1216 4589 1296 4663 mtty
1321 4567 1475 4664 ptolir'a.
1506 4564 1671 4636 Nicotaus
1710 4553 1884 4631 natanias

494 4682 537 4733 ex
579 4658 691 4732 veteri
727 4710 739 4745 ,
771 4685 929 4757 novoque
956 4666 1156 4741 Testamen·
1217 4666 1356 4738 bibliot.
1373 4675 1570 4760 uet.part.e.
1585 4655 1756 4757 peg.t78.
1773 4671 1882 4739 nour.

495 4768 559 4838 to,
589 4758 992 4855 VitisqueSanctotunt.
1014 4767 1157 4859 Ignotus
1218 4763 1435 4836 Ferdinando
1465 4759 1572 4830 Perea
1598 4761 1640 4829 de
1673 4756 1830 4828 Guameo
1846 4753 1885 4827 itt

496 4869 547 4934 tet
561 4855 644 4930 mibi
658 4876 790 4933 auctor.
806 4863 1003 4938 ludovicus
1032 4865 1159 4960 Legio·
1219 4863 1368 4956 quodam
1378 4856 1583 4930 Maeotia:
1597 4850 1881 4945 Bibliotatispat.

492 4951 603 5027 aeaeis
629 5004 643 5043 ,
669 4962 978 5054 praestantissimus
1006 4958 1066 5036 ille
1092 4988 1159 5038 ooo
1217 4957 1322 5034 tribui
1339 4984 1349 5029 s
1369 4966 1517 5052 Hyettos
1547 4957 1732 5032 aaaron
1757 4961 1881 5025 boaret
