5084 6234
931 769 1588 923 ncorssrnsr'rcts
1880 845 1982 959 n„

579 979 691 1087 „Es
706 1007 812 1068 more
829 974 928 1064 'doni
942 977 1101 1097 mystico
1121 1037 1129 1057 .
1153 975 1372 1067 Dominica
1388 975 1519 1092 prima
1537 977 1886 1096 Quadrageeir'nae
1914 985 1969 1072 ad

575 1102 855 1189 matutinum:
887 1096 1143 1184 §.Ambrosii
1161 1124 1210 1181 ex
1232 1095 1450 1209 hymnario
1476 1099 1532 1180 V.
1551 1097 1898 1186 Card.Thomasii
1915 1161 1927 1185 .
1947 1125 1957 1156 ¹¹

575 1220 739 1311 Ernhet
754 1217 856 1305 orbis
872 1215 1054 1337 gaudiis.
1075 1214 1195 1313 olim,
1213 1212 1841 1306 Exntetcaetumtsudibus.1n
1858 1248 1965 1308 corn·

572 1339 691 1426 muni
706 1336 996 1455 Apostolorum
1013 1333 1068 1420 ad
1081 1360 1264 1451 vesperas
1285 1395 1296 1418 .

640 1461 737 1545 181.
768 1457 918 1542 fortem
937 1451 1038 1541 virili
1044 1479 1197 1570 pectore
1218 1513 1228 1533 .
1256 1454 1304 1537 ln
1324 1452 1533 1543 communi
1550 1484 1623 1542 nec
1642 1452 1853 1572 Virginis,
1884 1481 1960 1544 nec

572 1573 769 1689 Martyris
799 1573 853 1659 ad
880 1600 1064 1691 vesperas
1082 1632 1093 1657 .
1109 1569 1222 1657 Silvii
1240 1572 1474 1661 Antoniani
1508 1574 1738 1689 Presbyteri
1756 1572 1966 1662 Cardine-

574 1695 622 1782 lis
641 1722 690 1782 ex
712 1693 902 1781 Gavanto
919 1756 932 1794 ,
950 1715 989 1778 et
1003 1688 1224 1806 hymnario
1240 1689 1371 1780 Card.
1387 1690 1598 1782 Thomasii
1617 1754 1628 1777 .

506 1878 511 1886 -
573 1812 705 1900 Gentis
735 1808 898 1898 Polonne
914 1810 1074 1897 Gloria.
1106 1809 1183 1897 Die
1210 1837 1279 1895 oo.
1310 1810 1500 1901 Octobris
1530 1813 1576 1899 in
1606 1810 1708 1903 festo
1735 1812 1776 1898 S.
1795 1812 1965 1911 loannis

574 1926 719 2016 Canrii
742 1926 797 2013 ad
814 1958 996 2050 vesperas
1013 1927 1109 2046 (a)
1268 1925 1271 1930 ’

555 2048 681 2137 Ηαιε
696 2066 754 2134 est
779 2047 863 2136 dies
877 2113 891 2152 ,
907 2077 984 2165 qun
1001 2045 1209 2134 candidae.
1234 2046 1312 2132 Die
1336 2074 1400 2163 15.
1421 2046 1614 2141 Octobris
1629 2047 1682 2138 ad
1698 2046 1964 2139 matutinum.

574 2165 732 2254 Auctor
746 2191 804 2253 est
817 2170 1012 2255 Urbanus
1030 2166 1157 2268 Vnt,
1173 2165 1278 2254 inter
1293 2166 1412 2284 cujus
1426 2197 1611 2287 poemata
1630 2166 1857 2286 reperitur.

576 2345 607 2387 ,‚
620 2281 799 2372 Hominis
831 2316 989 2404 superne
1014 2287 1215 2373 conditor.
1239 2282 1363 2387 olim,
1381 2286 1598 2375 Plasmator
1630 2285 1811 2372 hominis
1827 2290 1963 2378 Deun

574 2401 675 2488 teria
692 2406 765 2489 Vl.
779 2405 833 2491 ad
846 2432 1030 2521 vesperas
1050 2466 1061 2488 .
1088 2406 1127 2491 S.
1144 2404 1349 2492 Ambrosii
1382 2436 1531 2493 nomen
1550 2403 1649 2492 huic
1670 2405 1833 2519 hymno
1852 2434 1963 2524 prae·

572 2518 745 2609 mittitur
761 2521 804 2605 in
825 2524 1043 2637 hymnario
1059 2524 1114 2610 V.
1126 2522 1492 2627 Card.Thomasii;
1509 2523 1757 2643 S.Gregorio
1773 2521 1965 2615 tribuunt

573 2637 772 2753 quaedam
792 2638 986 2731 breviaria
1007 2701 1020 2739 ,
1057 2673 1143 2729 non
1157 2672 1255 2732 vero
1271 2643 1395 2731 editio
1413 2642 1499 2761 ejus
1515 2671 1685 2762 operum
1708 2705 1719 2727 .

572 2757 706 2872 Hujus
720 2786 827 2847 oraro
849 2762 957 2847 Dens
972 2762 1071 2848 nime
1085 2760 1206 2848 nobis
1224 2791 1242 2844 ι·
1267 2760 1393 2867 olim,
1425 2762 1562 2879 Hujus
1577 2769 1747 2851 obtentu
1765 2763 1883 2851 Deus
1898 2757 1963 2849 ai-

569 2885 635 2963 t'ne
659 2877 804 2966 nobis.
839 2881 886 2963 ln
919 2881 1127 2968 communi
1145 2909 1230 2965 non
1246 2880 1465 2998 Virginum
1493 2881 1548 2968 ad
1571 2881 1824 2970 matutinum
1838 2915 1850 2967 ε
1865 2907 1966 3001 pars

571 2991 716 3111 hymni
737 3023 748 3078 ε
771 2996 946 3118 Virginis
953 3002 1108 3114 proles,
1126 2995 1327 3116 opifexque
1341 2996 1521 3087 Martis.

478 3200 482 3207 .
573 3115 880 3216 „ranchinus
893 3145 1000 3203 nstra
1016 3115 1473 3206 ascenderat.Dominica
1486 3112 1967 3206 Pentecostesadmatuti·

573 3234 931 3353 num.S.Gregorii
942 3265 991 3323 ex
1004 3234 1488 3339 Cornelio‚S.Ambtosio
1506 3234 1695 3327 adscribit
1704 3235 1967 3325 Thomasius.

574 3355 702 3454 „Iam
717 3352 814 3439 lucis
828 3383 910 3443 orro
925 3354 1077 3442 sidere.
1110 3354 1179 3441 Ad
1194 3354 1366 3477 primatu
1388 3415 1399 3440 .
1433 3357 1475 3445 S.
1487 3352 1691 3445 Ambrosii
1707 3383 1757 3443 ex
1775 3350 1968 3443 V.Card.

572 3467 824 3559 Thomasio.

574 3593 703 3694 „inm
738 3593 800 3679 sol
821 3591 962 3680 recedit
994 3589 1161 3716 ignens.
1188 3591 1312 3698 olim,
1344 3591 1471 3682 Olux
1501 3595 1617 3683 beata
1634 3589 1843 3679 Trinitas.
1873 3587 1970 3677 Sah

577 3710 673 3797 bato
706 3708 761 3796 ad
794 3740 1008 3830 vesperas,
1041 3737 1082 3800 et
1112 3711 1156 3796 in
1186 3712 1287 3799 festo
1318 3714 1386 3799 SS.
1425 3709 1637 3799 Trinitatis
1667 3708 1722 3794 ad
1749 3735 1964 3824 vesperas·

577 3825 793 3919 Gavanrus
808 3828 893 3932 ait,
916 3859 996 3917 esse
1021 3827 1191 3918 Alcuini
1221 3858 1273 3919 etr
1290 3828 1518 3932 Cornelio,
1545 3827 1586 3915 S.
1605 3826 1788 3945 Gregorii
1818 3855 1870 3914 ex
1887 3824 1966 3912 Ti·

572 3946 766 4035 motheo.
798 3950 926 4038 Abest
958 3952 1010 4039 ab
1025 3949 1273 4066 operibusS.
1292 3948 1475 4069 Gregorii
1496 3948 1523 4034 .'
1540 3947 1787 4039 Hinemarus
1800 3946 1841 4033 S.
1857 3941 1964 4032 Arn-

576 4064 758 4152 brosium
774 4093 981 4157 auctorem
995 4065 1119 4170 dicit,
1158 4068 1225 4155 cui
1255 4070 1392 4186 potius
1416 4067 1515 4155 fides
1546 4090 1604 4153 est
1622 4063 1890 4186 praestanda,
1915 4062 1966 4148 li-

574 4206 645 4270 cet
660 4180 703 4264 in
721 4186 946 4319 hymnariis
965 4187 1047 4272 Ms.
1064 4185 1403 4277 Card.Thomaeii
1417 4184 1507 4275 sine
1522 4188 1687 4273 nomine
1704 4182 1965 4305 proferatura

576 4325 842 4391 consentiunt
858 4303 1079 4392 Maurini.
1571 4304 1616 4392 V
1639 4328 1667 4393 2

626 4541 679 4624 (et
707 4536 789 4608 Non
803 4539 917 4613 multis
930 4541 1053 4618 abhinc
1068 4540 1161 4616 annis
1173 4544 1243 4638 hy·
1353 4537 1615 4635 Redemptionir
1627 4537 1800 4638 pretium.

579 4634 650 4707 mni
665 4634 701 4706 S.
716 4634 860 4720 loannis
876 4638 992 4712 Cantii
1006 4646 1038 4714 ht
1067 4642 1242 4715 breviario
1353 4639 1437 4715 Esca
1449 4656 1599 4737 potuque
1611 4635 1798 4709 subieras.
1902 4650 1905 4659 '

580 4728 738 4805 Romano
753 4757 1042 4830 comparuerunt3
1066 4739 1243 4835 mirorque
1355 4748 1509 4812 sacratas
1526 4732 1629 4809 morti
1645 4732 1813 4806 victimas
1829 4777 1844 4829 ,⁰

579 4833 831 4917 vehementer,
856 4858 920 4909 cur
961 4853 1098 4930 peccata
1141 4837 1243 4910 tne'tri
1356 4836 1436 4919 Eius
1450 4834 1571 4932 rapite
1585 4828 1763 4906 faucibus.

580 4944 649 4999 non
662 4930 791 5005 fuerint
805 4932 937 5007 subiate
948 4934 981 5006 in
996 4934 1047 5007 his
1063 4934 1245 5010 versibus.
1353 4931 1384 5003 T
1386 4957 1404 5004 e
1417 4935 1646 5026 deprecante.
1674 4931 1831 5005 tumido.
1885 4949 1887 4955 ’

676 5028 808 5129 Legem
817 5035 971 5114 menet
982 5034 1133 5132 exequi.
1354 5028 1668 5135 Aeyeedeerrotis
1681 5028 1902 5130 supplicum·
