5084 6234
689 834 780 951 '196
1066 817 1213 915 'DE
1271 835 1313 921 H
1342 832 1452 921 v=M
1483 829 1633 919 ΝΗ

753 1003 851 1062 221.
870 978 1041 1086 ¹Versus
1065 969 1261 1059 iambicus
1278 972 1453 1060 trimeter
1476 971 1781 1077 acatalecticus,
1812 974 1886 1087 qui
1901 962 2082 1065 senarius·

690 1094 880 1186 iambicus
913 1090 1090 1191 dicitur,
1118 1091 1327 1207 sexhaber
1360 1094 1479 1209 pedes
1499 1093 1655 1182 iambos
1677 1124 1850 1195 omnes,
1882 1094 1914 1180 si
1948 1104 2082 1211 puru's

691 1213 743 1300 rit
761 1245 774 1316 ;
809 1249 903 1304 cum
920 1232 979 1326 est
998 1209 1180 1311 mixtus,
1214 1209 1381 1324 requirit
1394 1210 1492 1298 locis
1509 1213 1914 1329 paribus,-nimirum
1928 1238 2090 1300 secun-⁴·

690 1331 776 1433 do,
807 1359 956 1449 quarto
976 1385 988 1426 2
1013 1356 1053 1418 et
1068 1354 1180 1416 sexto
1197 1327 1408 1431 iambum,
1434 1331 1528 1418 locis
1548 1358 1684 1419 aurem
1714 1333 1963 1450 imparibus,
1991 1331 2084 1446 pri-·

686 1470 758 1537 'mo
773 1513 787 1553 ,
820 1453 967 1551 terrio,
998 1442 1038 1538 er
1051 1448 1199 1563 quinto
1217 1446 1359 1563 recipit
1390 1450 1669 1567 spondaeum,
1699 1454 2078 1539 Decomluaenerer-

684 1569 820 1684 uitatis
836 1598 991 1659 auream
1011 1631 1022 1653 .
1050 1567 1165 1654 Alios
1179 1565 1303 1684 pedes
1321 1569 1460 1687 recipit
1477 1568 1649 1683 quidem
1660 1569 1841 1657 senarius
1856 1568 2080 1675 iambicus,

686 1689 759 1779 sed
773 1690 1004 1811 longiores,
1043 1687 1227 1801 adeoque
1246 1696 1466 1775 numerum
1480 1686 1728 1801 syllabarum
1752 1703 1971 1807 augentes,
1986 1686 2079 1801 plus

670 1808 830 1926 :resque
849 1836 966 1898 notas
984 1806 1156 1895 'musicas
1172 1803 1421 1923 postulantes
1441 1870 1452 1892 .
1479 1810 1528 1892 ln
1541 1809 1699 1922 hymno
1713 1810 1762 1916 S.
1775 1808 1979 1895 Elisabeth
1993 1806 2079 1892 Ur-·'
2167 1826 2170 1829 ’

684 1929 1061 2044 ὺειηυεν111.’ροετ
1094 1955 1229 2011 unum
1245 1924 1467 2013 iambicum
1490 1926 1697 2015 senarium
1714 1927 1886 2014 inseruit
1901 1922 2075 2036 dactyli-

685 2077 780 2135 cum
800 2047 1114 2145 archilochium,
1143 2072 1284 2162 nempe
1303 2044 1409 2162 duos
1426 2045 1628 2160 dactylos,
1654 2072 1695 2134 et
1712 2045 2073 2158 unemsyllabam,
2202 2057 2209 2072 ‘

682 2164 812 2253 Fortis
827 2230 841 2269 ,
859 2166 1041 2284 inopsque
1056 2166 1143 2251 Deo
1163 2223 1175 2248 .
1193 2165 1385 2278 Superest
1398 2165 1697 2283 explicandum·
1714 2194 1875 2253 carmen
1893 2164 2080 2253 noemi-

684 2303 781 2375 cum
799 2284 1120 2373 archilochium.
1146 2284 1186 2367 Si
1216 2282 1438 2400 legitimum
1455 2284 1533 2388 sit,
1564 2308 1751 2373 constare
1784 2283 1902 2372 debet
1917 2308 2071 2402 septem

627 2422 630 2429 ’
684 2402 887 2524 pedibus,
918 2431 957 2492 et
991 2433 1078 2488 una
1105 2402 1256 2515 syllaba
1289 2402 1331 2486 in
1365 2402 1447 2489 fine
1478 2468 1492 2505 ,
1522 2404 1609 2493 sive
1645 2405 1762 2518 quod
1791 2404 1958 2519 perinde
1981 2415 2075 2508 est,
2139 2476 2141 2479 .

558 2543 561 2548 ’
683 2524 1009 2637 componiturex
1045 2518 1252 2605 trochaico
1278 2519 1506 2623 alcmanio,
1530 2547 1575 2634 et¹
1602 2551 1653 2607 ex
1691 2522 1898 2609 trochaico
1912 2521 2078 2636 euripi-1

683 2641 782 2727 dio.
817 2636 1095 2725 Trochaicum
1109 2635 1356 2750 a'lcmanium
1392 2664 1549 2751 constat
1562 2664 1743 2752 quatuor
1759 2641 1946 2742 choreis,
1974 2641 2070 2727 reci·

681 2759 742 2875 'pit'
755 2786 889 2846 tamen
908 2755 1121 2855 secundo,
1153 2780 1193 2841 et
1222 2782 1373 2870 quarto
1391 2756 1480 2843 loco
1503 2757 1787 2873 spondaeum3
1814 2758 2075 2849 trochaicum'

679 2876 929 2996 euripidium
955 2873 1215 2991 componitur
1243 2875 1437 2964 extribus
1463 2873 1618 2960 choreis
1635 2900 1705 2976 ,et
1731 2870 1820 2960 una
1850 2876 2002 2988 syllaba
2020 2876 2066 2962 in

678 2996 789 3100 fine,
811 2996 881 3082 sed
898 2994 986 3081 loco
1004 2992 1185 3081 secundo
1202 2993 1375 3082 admittit
1390 2994 1668 3110 spondaeum.
1685 2995 1748 3079 Ex
1764 2992 1948 3082 ecclesiae
1965 3024 2070 3083 con·

678 3114 897 3204 suetudine
927 3113 1176 3231 euripidium
1206 3112 1403 3202 dividitur
1421 3117 1474 3203 ab
1501 3110 1735 3215 alcmanio,
1766 3112 1982 3227 eidemque
1995 3145 2073 3217 su-⁴

679 3231 873 3349 bjicitur,
893 3233 1029 3351 Pange
1059 3229 1196 3347 lingua
1224 3233 1389 3347 gloriosi
1402 3282 1424 3297 -
1441 3234 1628 3318 Murram
1645 3232 1888 3319 certaminis.
1904 3235 2074 3323 Veteres

680 3365 818 3438 aurern
835 3378 921 3434 non
932 3349 1199 3450 dividebant,
1230 3349 1301 3433 sed
1319 3378 1454 3445 unum
1471 3350 1674 3467 integrum
1704 3378 1872 3440 versum
1891 3344 2073 3471 compin·¹

675 3471 854 3591 gebant,
876 3472 924 3556 ut
956 3466 1201 3555 Prudentius
1229 3469 1368 3583 dymno
1384 3498 1425 3584 9.
1444 3466 1758 3574 Cathemerinon,
1784 3470 1863 3566 Du
1872 3469 2071 3588 puerplef

675 3608 801 3701 cenem
816 3585 960 3676 choreis
970 3583 1014 3676 ur
1026 3584 1371 3703 cunumjidelidus.
1387 3590 1552 3676 Veteres
1567 3587 1749 3676 imitatus
1771 3589 2069 3706 ProsperMar·

677 3706 885 3827 rinengiur
899 3771 914 3812 ,
938 3707 1166 3796 monichus
1190 3704 1466 3810 Casinensis,
1502 3707 1653 3796 librum
1677 3708 1879 3827 integrum
1907 3736 1958 3792 eo
1974 3734 2067 3793 car·

675 3829 837 3913 minum
855 3858 998 3945 genere
1019 3825 1222 3943 evulgavit
1240 3829 1393 3913 Romae
1417 3828 1541 3941 1589.
1559 3826 1600 3911 in
1616 3828 1755 3942 4.,cui
1771 3825 2073 3927 titulus.,Treo-.

674 3945 854 4058 locedia,
886 3946 1004 4062 quod
1020 3944 1194 4062 Deipara
1211 3945 1375 4057 hymnis
1391 3945 1433 4030 in
1447 3974 1496 4031 eo
1511 3943 1757 4033 celebretur.
2038 3957 2040 3963 '

682 4085 716 4178 ζῇ
740 4092 838 4152 222.
875 4068 1015 4177 ltaque
1033 4062 1067 4148 si
1086 4063 1141 4148 ad
1164 4063 1432 4265 anricyuorum
1447 4091 1633 4149 normam
1668 4061 1923 4156 trochaicum
1939 4061 2068 4153 archi·¹

678 4181 858 4274 lochium
872 4183 964 4298 quis
979 4205 1190 4271 contexere
1207 4214 1260 4272 vo
1275 4184 1410 4285 uerit',
1443 4204 1612 4284 caveat,
1640 4200 1828 4299 oportet,
1854 4214 1906 4274 ne
1924 4177 2067 4274 ultir'nu¹

653 4372 659 4379 ,
677 4299 828 4399 vocalis
845 4300 1061 4402 alcmanii,
1087 4300 1168 4389 sive
1185 4301 1304 4418 primi
1319 4332 1459 4391 versus
1473 4297 1657 4388 elidenda
1678 4302 1729 4391 sit
1744 4305 1800 4391 ob
1814 4329 2067 4392 concursum

678 4421 842 4511 alterius
854 4420 1031 4524 vocalis,
1063 4448 1147 4533 qua
1166 4416 1361 4537 inciperet
1387 4450 1527 4532 versus
1544 4422 1770 4537 secundus,
1799 4422 1881 4513 sive
1912 4413 2068 4555 euripi·

678 4542 772 4629 dius
792 4605 803 4627 .
836 4543 977 4660 Quam
992 4569 1067 4659 ego
1083 4538 1262 4656 tegulam
1276 4539 1433 4627 ‘tradere
1451 4539 1582 4627 ausim
1599 4569 1684 4627 non
1701 4569 1784 4629 tam
1800 4571 1887 4630 mea
1903 4540 2068 4657 opimo·

679 4675 731 4764 ne
748 4688 769 4764 ,'
800 4690 927 4772 quam
962 4657 1116 4779 judicio
1131 4656 1180 4749 cl.
1196 4657 1284 4747 Viti
1315 4661 1378 4745 M.
1396 4659 1638 4750 Giovinazzi
1666 4662 1956 4755 confirmatus,
1976 4650 2068 4776 'qui'

680 4778 865 4896 egregius
883 4809 1090 4871 novorum
1103 4776 1346 4898 scriptorum
1362 4771 1538 4884 censor,
1562 4808 1683 4896 atque
1715 4775 1814 4883 alter
1833 4772 1957 4863 veluti
1975 4773 2066 4860 Ho-

676 4896 805 4987 ratius
834 4899 913 4987 hoc
927 4926 1103 5015 tempore
1121 4901 1274 4985 Romae
1294 4901 1546 4990 celebratur.-
1581 4898 1765 4995 Prolecto
1784 4892 1882 4980 huic
1914 4889 1990 5009 legi
2009 4920 2071 4978 ree

678 5016 813 5138 ligium
838 5014 1017 5140 paruisse
1033 5013 1304 5111 prudentium
1320 5079 1343 5125 ,
1372 5018 1563 5136 aliosque·
1580 5037 1747 5109 vererer«
1761 5010 2065 5106 ermmicomu
