5084 6234
723 834 815 927 qm
1094 789 1794 892 BREVIARIUM'

725 944 905 1035 centiam
921 940 1037 1032 vobis
1060 939 1356 1043 concedimus,
1382 940 1657 1060 omnibusque
1672 941 1762 1032 aliis
1773 941 2116 1062 impressoribus,

732 1095 784 1151 ne
818 1065 921 1150 illud
953 1061 1059 1150 ititra
1089 1057 1314 1151 triennium
1331 1088 1359 1146 a
1385 1061 1470 1148 dat.
1489 1064 1765 1179 praesentium
1785 1066 2119 1182 computandum

731 1183 981 1302 imprimere,
1000 1211 1073 1269 seu
1085 1179 1230 1271 venale
1245 1179 1393 1267 habere
1408 1180 1495 1268 sine
1509 1207 1642 1271 vestra
1659 1180 1820 1272 licentia
1836 1181 2018 1271 audeant
2031 1188 2119 1274 sub

726 1332 861 1422 poena
876 1297 1307 1389 excommunicationis
1321 1296 1510 1415 ubique,
1538 1325 1577 1388 et
1610 1300 1785 1390 interris
1812 1302 1961 1390 nostris
1990 1302 2121 1393 etiam

730 1419 952 1510 amissionis
976 1419 1203 1521 librorum,
1224 1442 1268 1505 et
1290 1416 1456 1534 insuper
1488 1417 1821 1537 vigintiquinque
1859 1450 2120 1529 aureorum,

729 1542 921 1653 quotiens
951 1536 1300 1638 contravenient,
1329 1535 1446 1626 vobis
1475 1536 1815 1656 applicandorum
1850 1538 2113 1629 inhibemus.

727 1660 979 1747 Mandantes
998 1655 1315 1754 Gubernatori,
1342 1656 1530 1743 Senatori
1554 1718 1570 1757 ,
1605 1684 1644 1745 et
1659 1659 1796 1745 ceteris
1816 1657 2118 1749 Tribunalibus

733 1777 864 1867 dictae
880 1778 1033 1879 Urbis,
1050 1798 1126 1879 ut,
1143 1774 1245 1862 dum
1277 1773 1435 1862 avobis
1459 1775 1719 1889 requirentur
1733 1776 1777 1861 in
1791 1778 2030 1872 executione
2046 1775 2119 1862 di-

726 1893 887 1986 ctarum
916 1904 1175 2013 poenarum,
1195 1889 1314 1983 vobis
1346 1891 1547 1996 faveant,
1581 1920 1620 1981 et
1632 1921 1860 2012 praesentes
1873 1893 2021 1984 litteras
2047 1893 2118 1982 i'a·

726 2014 838 2102 ciant
853 2013 1136 2105 inviolabiliter
1153 2008 1358 2102 observari
1376 2072 1387 2096 .
1403 2011 1457 2097 Et
1476 2011 1642 2129 insuper
1658 2014 1857 2103 omnibus
1879 2038 1920 2102 et
1945 2012 2119 2133 singulis

725 2133 904 2235 clericis,
927 2157 968 2220 et
1011 2131 1220 2245 resbyteris
1233 2131 1451 2217 dumtaxat
1471 2132 1721 2221 secularibus
1751 2190 1766 2232 ,
1796 2131 1872 2244 qui
1899 2130 2000 2220 illud
2016 2131 2117 2222 reci-

725 2278 811 2341 tare
828 2252 1064 2357 voluerint,
1091 2251 1387 2351 concedimus,
1424 2273 1472 2336 ut
1489 2250 1544 2336 ad
1566 2250 1708 2340 veteris
1740 2243 1863 2341 officii
1880 2254 2116 2339 secundum

727 2401 851 2458 usum
875 2375 1086 2459 Romanae
1103 2369 1278 2471 Curiae,
1295 2366 1358 2458 vel
1371 2365 1536 2456 alterius
1553 2369 1777 2475 Ecclesiae,
1792 2368 1911 2488 quod
1934 2399 2048 2460 nunc
2064 2370 2114 2459 in

726 2521 809 2580 usu
840 2491 1040 2595 babetur,
1051 2487 1328 2577 recitationem
1346 2482 1508 2574 minime
1526 2513 1763 2592 teneantur,
1789 2490 1861 2577 sed
1877 2488 2107 2577 recitationi

725 2607 849 2697 officii
862 2637 905 2699 et
915 2611 1112 2699 horarum
1123 2605 1421 2696 canonicarum
1435 2605 1632 2723 ,perinde
1661 2637 1707 2694 ac
1737 2608 1770 2695 si
1793 2605 2111 2697 vetusofficiutn

725 2725 981 2830 recitassent,
1006 2726 1234 2815 satisfecisse
1249 2749 1525 2828 censeantur,
1542 2724 1766 2814 dummodo
1784 2724 1931 2841 singuli
1950 2724 2109 2844 specie-.-

725 2842 804 2930 lem
821 2873 941 2963 supet
956 2849 1035 2933 hoc
1066 2843 1268 2932 licentiam
1300 2872 1325 2929 a
1347 2842 1439 2928 sede
1459 2843 1676 2960 apostolica
1694 2846 1942 2943 obtineant,
1975 2873 2109 2959 quam

720 2991 792 3081 per
806 2962 935 3052 solam
955 2965 1208 3083 signaturam
1223 2967 1375 3078 absque
1393 2958 1473 3047 alia
1491 2961 1671 3080 impensa
1689 2961 1869 3079 expediri
1888 2963 2114 3052 mandabi·

723 3110 817 3172 mus
836 3145 848 3168 .
864 3084 1059 3173 Volentes
1075 3080 1200 3169 etiam
1216 3077 1489 3200 praesentium
1503 3072 1728 3169 litterarum
1745 3081 2009 3202 transumptis
2022 3109 2118 3170 ma·

721 3228 784 3287 nu
801 3201 953 3289 notarii
969 3199 1121 3320 publici
1136 3199 1399 3318 subscriptis,
1428 3224 1467 3287 et
1482 3199 1611 3316 sigillo
1644 3228 1844 3318 personae
1863 3198 1908 3287 in
1934 3198 2120 3290 ecclesia-

719 3318 820 3408 stica
835 3320 1028 3438 dignitate
1042 3319 1286 3409 constitutae
1302 3316 1499 3418 munitis,
1528 3319 1692 3435 plenam
1701 3319 1822 3407 fidem
1838 3348 1922 3412 tam
1936 3320 1980 3407 in
1997 3315 2115 3437 judi-

724 3436 814 3544 cio,
844 3465 972 3556 quam
995 3463 1108 3531 extra
1123 3439 1241 3526 haud
1252 3468 1367 3527 secus
1380 3433 1523 3526 haberi
1537 3497 1553 3540 ,
1579 3466 1707 3553 quarn
1722 3438 1756 3527 si
1772 3439 1879 3556 ipsae
1894 3436 2117 3559 originales

724 3758 761 3818 et
787 3744 876 3818 ordo
892 3739 1028 3839 legendi
1055 3761 1168 3813 sacras
1194 3737 1388 3833 Scripturas
1446 3738 1683 3825 breviatione
1710 3733 2114 3830 tumquialneonoua,

725 3843 761 3918 iu
778 3841 952 3918 matutinis
979 3843 1074 3925 iuxta
1086 3838 1287 3912 varietatem
1304 3857 1391 3911 tem·
1449 3858 1484 3912 et
1497 3839 1648 3911 inaudita
1674 3839 1713 3910 fit
1727 3834 1938 3929 psalmorum
1952 3834 2118 3912 distribu.

725 3964 850 4037 porum
869 3942 911 4015 ab
925 3938 1079 4013 Ecclesia
1093 3938 1389 4009 hactenusobaer·
1448 3937 1524 4019 tio,
1554 3959 1765 4032 nequaquam
1782 3930 1900 4017 feriis,
1929 3950 1988 4006 aut
2011 3927 2114 4012 festis

705 4058 826 4113 satus
851 4065 864 4126 ς
895 4063 974 4114 cum
998 4036 1141 4115 antehac
1167 4036 1387 4129 usqueadeo
1446 4034 1581 4109 Christi
1604 4034 1886 4116 accommodata;
1919 4049 1991 4105 turn
2009 4028 2043 4105 in
2061 4056 2112 4109 eo

728 4136 888 4210 salutaria
908 4135 1080 4211 Ecclesiae
1107 4133 1260 4207 instituta
1285 4133 1318 4204 in
1334 4157 1391 4206 ec·
1449 4133 1658 4228 relinquitur
1671 4134 1761 4203 ordo
1776 4144 1957 4203 masuetus
1972 4130 2114 4226 legendi

695 4315 699 4320 ,
727 4234 920 4309 clesiastico
930 4235 1046 4307 officio
1067 4230 1300 4327 aprimordiis
1328 4231 1391 4304 fet·
1447 4232 1603 4306 diversos
1631 4230 1736 4302 libros
1762 4251 1876 4302 sacrae
1911 4228 2114 4322 scripturae

728 4357 785 4410 me
800 4332 970 4407 Ecclesiae
985 4333 1147 4428 usquead
1161 4333 1245 4403 lraec
1259 4349 1390 4424 tempo·
1449 4354 1514 4425 pro
1530 4350 1724 4421 temporum
1752 4326 1944 4403 uarietate.
1969 4328 2057 4401 Tum
2074 4328 2115 4406 iu

727 4439 765 4508 ra
790 4451 924 4508 servata
951 4432 1079 4505 fuerint
1106 4478 1119 4514 ‚
1145 4427 1269 4502 mirum
1304 4452 1388 4523 quo·
1449 4453 1493 4503 eo
1519 4428 1740 4502 dimittuntur
1769 4424 1959 4509 homiliae,
1991 4443 2027 4499 et
2046 4450 2116 4503 ex·

727 4557 804 4607 nam
821 4550 922 4625 pacto
935 4531 989 4616 ie,
1019 4530 1078 4628 qui
1097 4530 1161 4601 hoc
1177 4527 1387 4601 breviarium
1447 4525 1635 4621 positiones
1650 4524 1900 4599 catholicorum
1913 4525 2115 4605 Doctorum

729 4632 884 4704 condidit
908 4682 920 4716 ,
946 4632 1080 4719 rejiciat
1108 4677 1119 4712 ,
1150 4645 1183 4700 et
1206 4625 1388 4709 rejicienda
1449 4626 1485 4699 in
1513 4624 1689 4719 evangelia
1706 4628 1752 4697 ad
1779 4624 1852 4696 dies
1881 4626 2113 4718 pertinentiae

729 4728 889 4803 decernat
913 4779 975 4805 ...
1004 4733 1056 4805 Ex
1070 4727 1121 4801 his
1138 4726 1385 4820 itaquepatet,
1451 4742 1525 4798 tum
1553 4724 1704 4821 denique
1727 4722 1972 4816 inpertinentes
1986 4722 2115 4799 diebus

729 4846 892 4920 quantum
913 4832 1017 4904 distet
1041 4842 1229 4901 aveterum
1245 4824 1385 4897 Parrum
1447 4824 1662 4898 solemnibus
1693 4839 1727 4896 et
1753 4821 1825 4894 altis
1854 4820 2014 4916 leguntur
2027 4821 2116 4897 serr·

730 4922 889 4997 instituto
918 4929 951 4999 ln
979 4931 1069 5000 hune
1096 4948 1204 5018 usque
1235 4924 1326 4996 diem
1354 4941 1389 4996 et
1452 4943 1599 5018 ptume,
1628 4941 1662 4995 et
1680 4920 1840 4993 historiae
1856 4921 2115 4998 diebusconue·

729 5025 810 5120 pie,
835 5040 870 5098 et
884 5043 1001 5100 sancte
1023 5042 1162 5099 servato
1177 5026 1243 5100 laoc
1257 5048 1386 5099 novum
1446 5023 1624 5101 uenientes
1638 5020 1887 5107 deserueram]
