<?xml version="1.0" encoding="UTF-8"?>
<!DOCTYPE html PUBLIC "-//W3C//DTD XHTML 1.0 Transitional//EN"
    "http://www.w3.org/TR/xhtml1/DTD/xhtml1-transitional.dtd">
<html xmlns="http://www.w3.org/1999/xhtml" xml:lang="en" lang="en">
 <head>
  <title>
</title>
<meta http-equiv="Content-Type" content="text/html;charset=utf-8" />
  <meta name='ocr-system' content='tesseract 3.04.00' />
  <meta name='ocr-capabilities' content='ocr_page ocr_carea ocr_par ocr_line ocrx_word'/>
</head>
<body>
  <div class='ocr_page' id='page_1' title='image "./hymnodiahispani00argoog/hymnodiahispani00argoog_0390.png"; bbox 0 0 5084 6234; ppageno 0'>
   <div class='ocr_carea' id='block_1_1' title="bbox 571 821 1557 951">
    <p class='ocr_par' dir='ltr' id='par_1_1' title="bbox 571 821 1557 951">
     <span class='ocr_line' id='line_1_1' title="bbox 571 821 1557 951; baseline -0.006 -33"><span class='ocrx_word' id='word_1_1' title='bbox 571 841 657 951; x_wconf 59' lang='lat' dir='ltr'>gp</span> <span class='ocrx_word' id='word_1_2' title='bbox 983 821 1557 913; x_wconf 62' lang='lat' dir='ltr'>couvunfflo</span> 
     </span>
    </p>
   </div>
   <div class='ocr_carea' id='block_1_2' title="bbox 520 964 1963 5154">
    <p class='ocr_par' dir='ltr' id='par_1_2' title="bbox 555 964 1963 2486">
     <span class='ocr_line' id='line_1_2' title="bbox 569 964 1963 1082; baseline -0.001 -24"><span class='ocrx_word' id='word_1_3' title='bbox 569 971 672 1058; x_wconf 92' lang='lat' dir='ltr'>dora</span> <span class='ocrx_word' id='word_1_4' title='bbox 692 964 924 1065; x_wconf 90' lang='lat' dir='ltr'>immortalis</span> <span class='ocrx_word' id='word_1_5' title='bbox 941 965 1186 1068; x_wconf 85' lang='lat' dir='ltr'>memoriae,</span> <span class='ocrx_word' id='word_1_6' title='bbox 1217 967 1421 1082; x_wconf 82' lang='lat' dir='ltr'>virilisque</span> <span class='ocrx_word' id='word_1_7' title='bbox 1444 964 1569 1052; x_wconf 90' lang='lat' dir='ltr'>animi</span> <span class='ocrx_word' id='word_1_8' title='bbox 1596 965 1777 1070; x_wconf 89' lang='lat' dir='ltr'>femina,</span> <span class='ocrx_word' id='word_1_9' title='bbox 1806 970 1872 1058; x_wconf 92' lang='lat' dir='ltr'>cui</span> <span class='ocrx_word' id='word_1_10' title='bbox 1890 997 1963 1058; x_wconf 87' lang='lat' dir='ltr'>tu-</span> 
     </span>
     <span class='ocr_line' id='line_1_3' title="bbox 567 1085 1960 1200; baseline -0.001 -23"><span class='ocrx_word' id='word_1_11' title='bbox 567 1089 645 1180; x_wconf 85' lang='lat' dir='ltr'>tela</span> <span class='ocrx_word' id='word_1_12' title='bbox 662 1087 731 1174; x_wconf 89' lang='lat' dir='ltr'>filii</span> <span class='ocrx_word' id='word_1_13' title='bbox 748 1085 957 1177; x_wconf 81' lang='lat' dir='ltr'>Michaelis</span> <span class='ocrx_word' id='word_1_14' title='bbox 975 1087 1224 1200; x_wconf 84' lang='lat' dir='ltr'>Imperatoris</span> <span class='ocrx_word' id='word_1_15' title='bbox 1251 1087 1457 1172; x_wconf 88' lang='lat' dir='ltr'>commissa</span> <span class='ocrx_word' id='word_1_16' title='bbox 1475 1111 1591 1187; x_wconf 92' lang='lat' dir='ltr'>erat,</span> <span class='ocrx_word' id='word_1_17' title='bbox 1618 1116 1827 1175; x_wconf 89' lang='lat' dir='ltr'>sacrarum</span> <span class='ocrx_word' id='word_1_18' title='bbox 1854 1090 1960 1175; x_wconf 90' lang='lat' dir='ltr'>ima·-</span> 
     </span>
     <span class='ocr_line' id='line_1_4' title="bbox 566 1206 1960 1327; baseline 0.001 -35"><span class='ocrx_word' id='word_1_19' title='bbox 566 1207 716 1327; x_wconf 79' lang='lat' dir='ltr'>ginum</span> <span class='ocrx_word' id='word_1_20' title='bbox 732 1206 887 1299; x_wconf 89' lang='lat' dir='ltr'>cultum</span> <span class='ocrx_word' id='word_1_21' title='bbox 919 1232 1066 1321; x_wconf 85' lang='lat' dir='ltr'>magna</span> <span class='ocrx_word' id='word_1_22' title='bbox 1102 1213 1200 1290; x_wconf 88' lang='lat' dir='ltr'>cum</span> <span class='ocrx_word' id='word_1_23' title='bbox 1229 1206 1456 1292; x_wconf 85' lang='lat' dir='ltr'>celebritate</span> <span class='ocrx_word' id='word_1_24' title='bbox 1489 1206 1762 1308; x_wconf 79' lang='lat' dir='ltr'>instauravit,</span> <span class='ocrx_word' id='word_1_25' title='bbox 1803 1238 1842 1299; x_wconf 87' lang='lat' dir='ltr'>et</span> <span class='ocrx_word' id='word_1_26' title='bbox 1869 1212 1960 1295; x_wconf 87' lang='lat' dir='ltr'>lco-</span> 
     </span>
     <span class='ocr_line' id='line_1_5' title="bbox 567 1321 1958 1444; baseline 0.005 -33"><span class='ocrx_word' id='word_1_27' title='bbox 567 1328 842 1414; x_wconf 88' lang='lat' dir='ltr'>noclastarum</span> <span class='ocrx_word' id='word_1_28' title='bbox 876 1323 1070 1410; x_wconf 87' lang='lat' dir='ltr'>haeresim</span> <span class='ocrx_word' id='word_1_29' title='bbox 1093 1321 1318 1413; x_wconf 85' lang='lat' dir='ltr'>subvertit.</span> <span class='ocrx_word' id='word_1_30' title='bbox 1347 1324 1471 1440; x_wconf 86' lang='lat' dir='ltr'>lgitur</span> <span class='ocrx_word' id='word_1_31' title='bbox 1499 1325 1541 1410; x_wconf 92' lang='lat' dir='ltr'>iu</span> <span class='ocrx_word' id='word_1_32' title='bbox 1577 1325 1665 1442; x_wconf 75' lang='lat' dir='ltr'>ejus</span> <span class='ocrx_word' id='word_1_33' title='bbox 1697 1325 1752 1410; x_wconf 88' lang='lat' dir='ltr'>rei</span> <span class='ocrx_word' id='word_1_34' title='bbox 1781 1358 1958 1444; x_wconf 83' lang='lat' dir='ltr'>perenne</span> 
     </span>
     <span class='ocr_line' id='line_1_6' title="bbox 565 1443 1960 1557; baseline -0.001 -23"><span class='ocrx_word' id='word_1_35' title='bbox 565 1472 883 1534; x_wconf 86' lang='lat' dir='ltr'>monumentum</span> <span class='ocrx_word' id='word_1_36' title='bbox 901 1444 1047 1530; x_wconf 84' lang='lat' dir='ltr'>festum</span> <span class='ocrx_word' id='word_1_37' title='bbox 1077 1472 1100 1528; x_wconf 94' lang='lat' dir='ltr'>a</span> <span class='ocrx_word' id='word_1_38' title='bbox 1116 1443 1282 1530; x_wconf 88' lang='lat' dir='ltr'>Graecis</span> <span class='ocrx_word' id='word_1_39' title='bbox 1301 1443 1536 1531; x_wconf 90' lang='lat' dir='ltr'>institutum</span> <span class='ocrx_word' id='word_1_40' title='bbox 1564 1470 1623 1532; x_wconf 87' lang='lat' dir='ltr'>est</span> <span class='ocrx_word' id='word_1_41' title='bbox 1648 1448 1872 1557; x_wconf 81' lang='lat' dir='ltr'>quotannis</span> <span class='ocrx_word' id='word_1_42' title='bbox 1888 1479 1960 1533; x_wconf 86' lang='lat' dir='ltr'>so·</span> 
     </span>
     <span class='ocr_line' id='line_1_7' title="bbox 562 1562 1955 1681; baseline 0.001 -27"><span class='ocrx_word' id='word_1_43' title='bbox 562 1562 744 1654; x_wconf 82' lang='lat' dir='ltr'>lemniter</span> <span class='ocrx_word' id='word_1_44' title='bbox 761 1562 1043 1653; x_wconf 89' lang='lat' dir='ltr'>celebrandum</span> <span class='ocrx_word' id='word_1_45' title='bbox 1060 1562 1186 1680; x_wconf 90' lang='lat' dir='ltr'>prima</span> <span class='ocrx_word' id='word_1_46' title='bbox 1200 1562 1421 1649; x_wconf 88' lang='lat' dir='ltr'>Dominica</span> <span class='ocrx_word' id='word_1_47' title='bbox 1439 1564 1812 1681; x_wconf 85' lang='lat' dir='ltr'>Quadragesimae,</span> <span class='ocrx_word' id='word_1_48' title='bbox 1828 1597 1955 1681; x_wconf 89' lang='lat' dir='ltr'>quam</span> 
     </span>
     <span class='ocr_line' id='line_1_8' title="bbox 561 1681 1954 1779; baseline 0.007 -10"><span class='ocrx_word' id='word_1_49' title='bbox 561 1682 717 1773; x_wconf 82' lang='lat' dir='ltr'>idcirco</span> <span class='ocrx_word' id='word_1_50' title='bbox 744 1681 998 1774; x_wconf 87' lang='lat' dir='ltr'>Dominicam</span> <span class='ocrx_word' id='word_1_51' title='bbox 1031 1683 1287 1769; x_wconf 73' lang='lat' dir='ltr'>orthodoxiae</span> <span class='ocrx_word' id='word_1_52' title='bbox 1313 1682 1559 1771; x_wconf 85' lang='lat' dir='ltr'>nominant.</span> <span class='ocrx_word' id='word_1_53' title='bbox 1590 1684 1636 1765; x_wconf 91' lang='lat' dir='ltr'>ln</span> <span class='ocrx_word' id='word_1_54' title='bbox 1654 1684 1782 1769; x_wconf 77' lang='lat' dir='ltr'>veteri</span> <span class='ocrx_word' id='word_1_55' title='bbox 1816 1686 1954 1779; x_wconf 87' lang='lat' dir='ltr'>officio</span> 
     </span>
     <span class='ocr_line' id='line_1_9' title="bbox 561 1800 1955 1921; baseline 0.001 -32"><span class='ocrx_word' id='word_1_56' title='bbox 561 1800 916 1921; x_wconf 83' lang='lat' dir='ltr'>Quadragesimali</span> <span class='ocrx_word' id='word_1_57' title='bbox 948 1801 1143 1889; x_wconf 84' lang='lat' dir='ltr'>Graeciae</span> <span class='ocrx_word' id='word_1_58' title='bbox 1172 1802 1429 1889; x_wconf 83' lang='lat' dir='ltr'>orthodoxae</span> <span class='ocrx_word' id='word_1_59' title='bbox 1459 1807 1511 1892; x_wconf 93' lang='lat' dir='ltr'>ab</span> <span class='ocrx_word' id='word_1_60' title='bbox 1547 1805 1651 1888; x_wconf 80' lang='lat' dir='ltr'>Efiro</span> <span class='ocrx_word' id='word_1_61' title='bbox 1681 1803 1955 1921; x_wconf 82' lang='lat' dir='ltr'>AngeloMa·</span> 
     </span>
     <span class='ocr_line' id='line_1_10' title="bbox 558 1919 1955 2039; baseline 0.001 -31"><span class='ocrx_word' id='word_1_62' title='bbox 558 1922 621 2009; x_wconf 86' lang='lat' dir='ltr'>ria</span> <span class='ocrx_word' id='word_1_63' title='bbox 655 1922 825 2039; x_wconf 89' lang='lat' dir='ltr'>Quirini</span> <span class='ocrx_word' id='word_1_64' title='bbox 858 1919 1096 2037; x_wconf 74' lang='lat' dir='ltr'>recognito,</span> <span class='ocrx_word' id='word_1_65' title='bbox 1129 1947 1168 2009; x_wconf 88' lang='lat' dir='ltr'>et</span> <span class='ocrx_word' id='word_1_66' title='bbox 1193 1923 1386 2038; x_wconf 86' lang='lat' dir='ltr'>castigato</span> <span class='ocrx_word' id='word_1_67' title='bbox 1421 1924 1475 2008; x_wconf 90' lang='lat' dir='ltr'>ad</span> <span class='ocrx_word' id='word_1_68' title='bbox 1506 1923 1631 2008; x_wconf 85' lang='lat' dir='ltr'>fidem</span> <span class='ocrx_word' id='word_1_69' title='bbox 1661 1923 1955 2036; x_wconf 86' lang='lat' dir='ltr'>praestantissi-</span> 
     </span>
     <span class='ocr_line' id='line_1_11' title="bbox 556 2037 1948 2157; baseline -0.004 -27"><span class='ocrx_word' id='word_1_70' title='bbox 556 2041 613 2130; x_wconf 86' lang='lat' dir='ltr'>mi</span> <span class='ocrx_word' id='word_1_71' title='bbox 642 2040 796 2129; x_wconf 91' lang='lat' dir='ltr'>codicis</span> <span class='ocrx_word' id='word_1_72' title='bbox 823 2038 1034 2127; x_wconf 90' lang='lat' dir='ltr'>Barberini</span> <span class='ocrx_word' id='word_1_73' title='bbox 1064 2037 1119 2127; x_wconf 91' lang='lat' dir='ltr'>ita</span> <span class='ocrx_word' id='word_1_74' title='bbox 1142 2064 1304 2128; x_wconf 88' lang='lat' dir='ltr'>notatur</span> <span class='ocrx_word' id='word_1_75' title='bbox 1323 2042 1401 2126; x_wconf 91' lang='lat' dir='ltr'>hoc</span> <span class='ocrx_word' id='word_1_76' title='bbox 1434 2040 1611 2143; x_wconf 88' lang='lat' dir='ltr'>lestum,</span> <span class='ocrx_word' id='word_1_77' title='bbox 1638 2040 1844 2130; x_wconf 85' lang='lat' dir='ltr'>Dominica</span> <span class='ocrx_word' id='word_1_78' title='bbox 1856 2039 1948 2157; x_wconf 79' lang='lat' dir='ltr'>pri-</span> 
     </span>
     <span class='ocr_line' id='line_1_12' title="bbox 561 2158 1950 2279; baseline 0.001 -33"><span class='ocrx_word' id='word_1_79' title='bbox 561 2190 626 2249; x_wconf 85' lang='lat' dir='ltr'>ma</span> <span class='ocrx_word' id='word_1_80' title='bbox 651 2158 918 2275; x_wconf 74' lang='lat' dir='ltr'>Jejunoram,</span> <span class='ocrx_word' id='word_1_81' title='bbox 946 2185 984 2244; x_wconf 84' lang='lat' dir='ltr'>er</span> <span class='ocrx_word' id='word_1_82' title='bbox 1012 2160 1086 2246; x_wconf 87' lang='lat' dir='ltr'>SS.</span> <span class='ocrx_word' id='word_1_83' title='bbox 1103 2160 1373 2277; x_wconf 82' lang='lat' dir='ltr'>Prophetarum</span> <span class='ocrx_word' id='word_1_84' title='bbox 1395 2160 1573 2279; x_wconf 82' lang='lat' dir='ltr'>Moysis,</span> <span class='ocrx_word' id='word_1_85' title='bbox 1600 2189 1638 2246; x_wconf 86' lang='lat' dir='ltr'>et</span> <span class='ocrx_word' id='word_1_86' title='bbox 1654 2159 1812 2262; x_wconf 85' lang='lat' dir='ltr'>Aaron,</span> <span class='ocrx_word' id='word_1_87' title='bbox 1835 2187 1950 2274; x_wconf 86' lang='lat' dir='ltr'>arque</span> 
     </span>
     <span class='ocr_line' id='line_1_13' title="bbox 555 2277 1950 2382; baseline 0 -19"><span class='ocrx_word' id='word_1_88' title='bbox 555 2277 718 2378; x_wconf 86' lang='lat' dir='ltr'>aliorum</span> <span class='ocrx_word' id='word_1_89' title='bbox 750 2340 762 2365; x_wconf 86' lang='lat'><strong>.</strong></span> <span class='ocrx_word' id='word_1_90' title='bbox 790 2280 890 2367; x_wconf 84' lang='lat' dir='ltr'>item</span> <span class='ocrx_word' id='word_1_91' title='bbox 924 2277 1210 2382; x_wconf 71' lang='lat' dir='ltr'>orthodoxiae,</span> <span class='ocrx_word' id='word_1_92' title='bbox 1234 2309 1301 2367; x_wconf 83' lang='lat' dir='ltr'>seu</span> <span class='ocrx_word' id='word_1_93' title='bbox 1328 2278 1588 2368; x_wconf 82' lang='lat' dir='ltr'>Restitutionis</span> <span class='ocrx_word' id='word_1_94' title='bbox 1606 2306 1822 2367; x_wconf 77' lang='lat' dir='ltr'>sanctarum</span> <span class='ocrx_word' id='word_1_95' title='bbox 1849 2278 1950 2365; x_wconf 85' lang='lat' dir='ltr'>iraa-</span> 
     </span>
     <span class='ocr_line' id='line_1_14' title="bbox 584 2399 792 2486; baseline -0.029 0"><span class='ocrx_word' id='word_1_96' title='bbox 584 2399 691 2486; x_wconf 88' lang='lat' dir='ltr'>inunr</span> <span class='ocrx_word' id='word_1_97' title='bbox 725 2458 737 2483; x_wconf 88' lang='lat'><strong>.</strong></span> <span class='ocrx_word' id='word_1_98' title='bbox 791 2476 792 2480; x_wconf 13' lang='lat' dir='ltr'>a</span> 
     </span>
    </p>

    <p class='ocr_par' dir='ltr' id='par_1_3' title="bbox 520 2513 1946 5154">
     <span class='ocr_line' id='line_1_15' title="bbox 618 2513 1946 2633; baseline -0.002 -27"><span class='ocrx_word' id='word_1_99' title='bbox 618 2519 659 2606; x_wconf 89' lang='grc' dir='ltr'>ό.</span> <span class='ocrx_word' id='word_1_100' title='bbox 694 2515 848 2633; x_wconf 73' lang='lat' dir='ltr'>Quide</span> <span class='ocrx_word' id='word_1_101' title='bbox 884 2514 1028 2603; x_wconf 83' lang='lat' dir='ltr'>festum</span> <span class='ocrx_word' id='word_1_102' title='bbox 1069 2513 1303 2604; x_wconf 88' lang='lat' dir='ltr'>Cathedrae</span> <span class='ocrx_word' id='word_1_103' title='bbox 1333 2518 1373 2603; x_wconf 87' lang='lat' dir='ltr'>S.</span> <span class='ocrx_word' id='word_1_104' title='bbox 1397 2516 1504 2604; x_wconf 90' lang='lat' dir='ltr'>Petri</span> <span class='ocrx_word' id='word_1_105' title='bbox 1536 2513 1780 2604; x_wconf 89' lang='lat' dir='ltr'>Antiochiae</span> <span class='ocrx_word' id='word_1_106' title='bbox 1797 2514 1858 2599; x_wconf 88' lang='lat' dir='ltr'>die</span> <span class='ocrx_word' id='word_1_107' title='bbox 1876 2544 1946 2603; x_wconf 83' lang='lat'>22.</span> 
     </span>
     <span class='ocr_line' id='line_1_16' title="bbox 554 2631 1944 2754; baseline -0.002 -29"><span class='ocrx_word' id='word_1_108' title='bbox 554 2634 781 2738; x_wconf 80' lang='lat' dir='ltr'>Februarii,</span> <span class='ocrx_word' id='word_1_109' title='bbox 812 2662 850 2724; x_wconf 90' lang='lat' dir='ltr'>et</span> <span class='ocrx_word' id='word_1_110' title='bbox 865 2631 1127 2736; x_wconf 89' lang='lat' dir='ltr'>Cathedtae,</span> <span class='ocrx_word' id='word_1_111' title='bbox 1152 2666 1235 2751; x_wconf 91' lang='lat' dir='ltr'>qua</span> <span class='ocrx_word' id='word_1_112' title='bbox 1269 2640 1421 2723; x_wconf 86' lang='lat' dir='ltr'>Romae</span> <span class='ocrx_word' id='word_1_113' title='bbox 1440 2637 1619 2754; x_wconf 91' lang='lat' dir='ltr'>primum</span> <span class='ocrx_word' id='word_1_114' title='bbox 1636 2634 1767 2733; x_wconf 87' lang='lat' dir='ltr'>sedit,</span> <span class='ocrx_word' id='word_1_115' title='bbox 1794 2632 1857 2720; x_wconf 79' lang='lat' dir='ltr'>elie</span> <span class='ocrx_word' id='word_1_116' title='bbox 1877 2636 1944 2722; x_wconf 91' lang='lat'>18.</span> 
     </span>
     <span class='ocr_line' id='line_1_17' title="bbox 543 2750 1944 2857; baseline -0.001 -16"><span class='ocrx_word' id='word_1_117' title='bbox 543 2755 743 2857; x_wconf 79' lang='lat' dir='ltr'>Ianuarii,</span> <span class='ocrx_word' id='word_1_118' title='bbox 764 2784 850 2841; x_wconf 93' lang='lat' dir='ltr'>non</span> <span class='ocrx_word' id='word_1_119' title='bbox 868 2783 918 2839; x_wconf 93' lang='lat' dir='ltr'>ne</span> <span class='ocrx_word' id='word_1_120' title='bbox 937 2750 1089 2837; x_wconf 90' lang='lat' dir='ltr'>idcirco</span> <span class='ocrx_word' id='word_1_121' title='bbox 1105 2780 1163 2841; x_wconf 89' lang='lat' dir='ltr'>est</span> <span class='ocrx_word' id='word_1_122' title='bbox 1178 2755 1410 2843; x_wconf 85' lang='lat' dir='ltr'>institutum</span> <span class='ocrx_word' id='word_1_123' title='bbox 1427 2817 1442 2857; x_wconf 96' lang='lat'>,</span> <span class='ocrx_word' id='word_1_124' title='bbox 1457 2782 1504 2843; x_wconf 89' lang='lat' dir='ltr'>ut</span> <span class='ocrx_word' id='word_1_125' title='bbox 1524 2754 1716 2843; x_wconf 88' lang='lat' dir='ltr'>fundatio</span> <span class='ocrx_word' id='word_1_126' title='bbox 1743 2751 1944 2841; x_wconf 83' lang='lat' dir='ltr'>Ecclesiae</span> 
     </span>
     <span class='ocr_line' id='line_1_18' title="bbox 549 2869 1942 2973; baseline -0.003 -11"><span class='ocrx_word' id='word_1_127' title='bbox 549 2897 639 2962; x_wconf 90' lang='lat' dir='ltr'>tum</span> <span class='ocrx_word' id='word_1_128' title='bbox 660 2869 967 2973; x_wconf 75' lang='lat' dir='ltr'>Antiochense,</span> <span class='ocrx_word' id='word_1_129' title='bbox 985 2894 1074 2957; x_wconf 88' lang='lat' dir='ltr'>turn</span> <span class='ocrx_word' id='word_1_130' title='bbox 1091 2870 1322 2960; x_wconf 88' lang='lat' dir='ltr'>catholicae</span> <span class='ocrx_word' id='word_1_131' title='bbox 1338 2876 1545 2960; x_wconf 83' lang='lat' dir='ltr'>Romanae</span> <span class='ocrx_word' id='word_1_132' title='bbox 1563 2870 1818 2959; x_wconf 69' lang='lat' dir='ltr'>celebretur?</span> <span class='ocrx_word' id='word_1_133' title='bbox 1854 2875 1942 2958; x_wconf 88' lang='lat' dir='ltr'>Nec</span> 
     </span>
     <span class='ocr_line' id='line_1_19' title="bbox 548 2990 1941 3102; baseline -0.001 -23"><span class='ocrx_word' id='word_1_134' title='bbox 548 3021 659 3083; x_wconf 91' lang='lat' dir='ltr'>nova</span> <span class='ocrx_word' id='word_1_135' title='bbox 681 2990 833 3081; x_wconf 89' lang='lat' dir='ltr'>isthaec</span> <span class='ocrx_word' id='word_1_136' title='bbox 841 3015 942 3084; x_wconf 86' lang='lat' dir='ltr'>sunt</span> <span class='ocrx_word' id='word_1_137' title='bbox 962 3018 973 3091; x_wconf 91' lang='lat'>;</span> <span class='ocrx_word' id='word_1_138' title='bbox 1000 2991 1158 3075; x_wconf 90' lang='lat' dir='ltr'>namin</span> <span class='ocrx_word' id='word_1_139' title='bbox 1179 2991 1377 3088; x_wconf 84' lang='lat' dir='ltr'>breviario</span> <span class='ocrx_word' id='word_1_140' title='bbox 1393 2993 1660 3080; x_wconf 87' lang='lat' dir='ltr'>Mozarabico</span> <span class='ocrx_word' id='word_1_141' title='bbox 1679 2990 1862 3102; x_wconf 86' lang='lat' dir='ltr'>hymnus</span> <span class='ocrx_word' id='word_1_142' title='bbox 1879 3016 1941 3078; x_wconf 81' lang='lat' dir='ltr'>eet</span> 
     </span>
     <span class='ocr_line' id='line_1_20' title="bbox 546 3107 1942 3229; baseline -0.001 -34"><span class='ocrx_word' id='word_1_143' title='bbox 546 3108 848 3229; x_wconf 85' lang='lat' dir='ltr'>proCathedra</span> <span class='ocrx_word' id='word_1_144' title='bbox 868 3112 907 3195; x_wconf 88' lang='lat' dir='ltr'>S.</span> <span class='ocrx_word' id='word_1_145' title='bbox 933 3108 1068 3213; x_wconf 87' lang='lat' dir='ltr'>Petri,</span> <span class='ocrx_word' id='word_1_146' title='bbox 1099 3112 1173 3220; x_wconf 89' lang='lat' dir='ltr'>qni</span> <span class='ocrx_word' id='word_1_147' title='bbox 1194 3108 1369 3227; x_wconf 87' lang='lat' dir='ltr'>incipit,</span> <span class='ocrx_word' id='word_1_148' title='bbox 1399 3113 1681 3229; x_wconf 79' lang='lat' dir='ltr'>OPeereperra</span> <span class='ocrx_word' id='word_1_149' title='bbox 1713 3107 1906 3197; x_wconf 78' lang='lat' dir='ltr'>Ecclesiae</span> <span class='ocrx_word' id='word_1_150' title='bbox 1925 3140 1942 3213; x_wconf 70' lang='grc' dir='ltr'><strong>ς</strong></span> 
     </span>
     <span class='ocr_line' id='line_1_21' title="bbox 544 3225 1941 3351; baseline -0.001 -36"><span class='ocrx_word' id='word_1_151' title='bbox 544 3225 822 3351; x_wconf 80' lang='lat' dir='ltr'>repetiturque</span> <span class='ocrx_word' id='word_1_152' title='bbox 844 3228 886 3312; x_wconf 93' lang='lat' dir='ltr'>in</span> <span class='ocrx_word' id='word_1_153' title='bbox 919 3228 1139 3341; x_wconf 86' lang='lat' dir='ltr'>hymnario</span> <span class='ocrx_word' id='word_1_154' title='bbox 1171 3236 1282 3318; x_wconf 89' lang='lat' dir='ltr'>Ven.</span> <span class='ocrx_word' id='word_1_155' title='bbox 1304 3229 1537 3320; x_wconf 89' lang='lat' dir='ltr'>Cardinalis</span> <span class='ocrx_word' id='word_1_156' title='bbox 1572 3228 1814 3318; x_wconf 84' lang='lat' dir='ltr'>Thomasii.</span> <span class='ocrx_word' id='word_1_157' title='bbox 1849 3227 1941 3315; x_wconf 90' lang='lat' dir='ltr'>Ca-</span> 
     </span>
     <span class='ocr_line' id='line_1_22' title="bbox 544 3346 1941 3461; baseline -0.001 -26"><span class='ocrx_word' id='word_1_158' title='bbox 544 3347 712 3435; x_wconf 88' lang='lat' dir='ltr'>thedrae</span> <span class='ocrx_word' id='word_1_159' title='bbox 745 3346 1027 3434; x_wconf 89' lang='lat' dir='ltr'>Antiochenae</span> <span class='ocrx_word' id='word_1_160' title='bbox 1049 3346 1321 3438; x_wconf 87' lang='lat' dir='ltr'>celebritatem</span> <span class='ocrx_word' id='word_1_161' title='bbox 1337 3351 1595 3438; x_wconf 86' lang='lat' dir='ltr'>commendat</span> <span class='ocrx_word' id='word_1_162' title='bbox 1617 3354 1657 3435; x_wconf 85' lang='lat' dir='ltr'>S.</span> <span class='ocrx_word' id='word_1_163' title='bbox 1674 3347 1941 3461; x_wconf 83' lang='lat' dir='ltr'>Augustinus</span> 
     </span>
     <span class='ocr_line' id='line_1_23' title="bbox 544 3463 1936 3579; baseline -0.001 -28"><span class='ocrx_word' id='word_1_164' title='bbox 544 3466 670 3560; x_wconf 77' lang='lat' dir='ltr'>Serm.</span> <span class='ocrx_word' id='word_1_165' title='bbox 698 3494 764 3579; x_wconf 83' lang='lat'>¹5·</span> <span class='ocrx_word' id='word_1_166' title='bbox 783 3467 829 3551; x_wconf 84' lang='lat' dir='ltr'>tle</span> <span class='ocrx_word' id='word_1_167' title='bbox 848 3464 1002 3552; x_wconf 83' lang='lat' dir='ltr'>Sanctis</span> <span class='ocrx_word' id='word_1_168' title='bbox 1017 3472 1028 3551; x_wconf 78' lang='lat' dir='ltr'>r</span> <span class='ocrx_word' id='word_1_169' title='bbox 1046 3465 1244 3557; x_wconf 83' lang='lat' dir='ltr'>laseirmio</span> <span class='ocrx_word' id='word_1_170' title='bbox 1259 3469 1508 3557; x_wconf 80' lang='lat' dir='ltr'>solemnitatis</span> <span class='ocrx_word' id='word_1_171' title='bbox 1520 3468 1721 3555; x_wconf 79' lang='lat' dir='ltr'>hodiernae</span> <span class='ocrx_word' id='word_1_172' title='bbox 1736 3496 1763 3551; x_wconf 94' lang='lat' dir='ltr'>a</span> <span class='ocrx_word' id='word_1_173' title='bbox 1778 3463 1936 3551; x_wconf 86' lang='lat' dir='ltr'>seniori·</span> 
     </span>
     <span class='ocr_line' id='line_1_24' title="bbox 542 3582 1937 3707; baseline 0.001 -38"><span class='ocrx_word' id='word_1_174' title='bbox 542 3584 613 3673; x_wconf 80' lang='lat' dir='ltr'>bus</span> <span class='ocrx_word' id='word_1_175' title='bbox 630 3585 768 3697; x_wconf 77' lang='lat' dir='ltr'>nostris</span> <span class='ocrx_word' id='word_1_176' title='bbox 784 3586 816 3671; x_wconf 86' lang='lat' dir='ltr'><em>C</em></span> <span class='ocrx_word' id='word_1_177' title='bbox 814 3586 993 3681; x_wconf 79' lang='lat' dir='ltr'>aelredrae</span> <span class='ocrx_word' id='word_1_178' title='bbox 1010 3614 1145 3686; x_wconf 81' lang='lat' dir='ltr'>nornen</span> <span class='ocrx_word' id='word_1_179' title='bbox 1161 3587 1331 3707; x_wconf 84' lang='lat' dir='ltr'>accepit,</span> <span class='ocrx_word' id='word_1_180' title='bbox 1361 3590 1446 3675; x_wconf 86' lang='lat' dir='ltr'>ideo</span> <span class='ocrx_word' id='word_1_181' title='bbox 1464 3583 1724 3704; x_wconf 81' lang='lat' dir='ltr'>quodprimus</span> <span class='ocrx_word' id='word_1_182' title='bbox 1738 3582 1779 3667; x_wconf 83' lang='lat' dir='ltr'><strong><em>A</em></strong></span> <span class='ocrx_word' id='word_1_183' title='bbox 1827 3584 1937 3671; x_wconf 74' lang='lat' dir='ltr'>stolo</span> 
     </span>
     <span class='ocr_line' id='line_1_25' title="bbox 539 3613 1934 3823; baseline -0.003 -31"><span class='ocrx_word' id='word_1_184' title='bbox 539 3732 627 3799; x_wconf 85' lang='lat' dir='ltr'>rum</span> <span class='ocrx_word' id='word_1_185' title='bbox 641 3708 776 3803; x_wconf 74' lang='lat' dir='ltr'>Perrtts</span> <span class='ocrx_word' id='word_1_186' title='bbox 802 3701 913 3800; x_wconf 75' lang='lat' dir='ltr'>hodie</span> <span class='ocrx_word' id='word_1_187' title='bbox 945 3701 1202 3822; x_wconf 78' lang='lat' dir='ltr'>Episcopatus</span> <span class='ocrx_word' id='word_1_188' title='bbox 1233 3710 1451 3795; x_wconf 80' lang='lat' dir='ltr'>cathedram</span> <span class='ocrx_word' id='word_1_189' title='bbox 1492 3705 1700 3823; x_wconf 81' lang='lat' dir='ltr'>suscepisse</span> <span class='ocrx_word' id='word_1_190' title='bbox 1719 3613 1934 3814; x_wconf 51' lang='lat' dir='ltr'>rufiacum</span> 
     </span>
     <span class='ocr_line' id='line_1_26' title="bbox 536 3821 1937 3945; baseline -0.004 -33"><span class='ocrx_word' id='word_1_191' title='bbox 536 3821 760 3945; x_wconf 78' lang='lat' dir='ltr'>Reoreergo</span> <span class='ocrx_word' id='word_1_192' title='bbox 777 3822 972 3913; x_wconf 80' lang='lat' dir='ltr'>Ecclesiae</span> <span class='ocrx_word' id='word_1_193' title='bbox 988 3827 1153 3912; x_wconf 82' lang='lat' dir='ltr'>natalem</span> <span class='ocrx_word' id='word_1_194' title='bbox 1177 3826 1279 3914; x_wconf 84' lang='lat' dir='ltr'>sedis</span> <span class='ocrx_word' id='word_1_195' title='bbox 1302 3825 1409 3911; x_wconf 85' lang='lat' dir='ltr'>illius</span> <span class='ocrx_word' id='word_1_196' title='bbox 1439 3826 1600 3928; x_wconf 89' lang='lat' dir='ltr'>colunt,</span> <span class='ocrx_word' id='word_1_197' title='bbox 1633 3853 1747 3942; x_wconf 83' lang='lat' dir='ltr'>quarn</span> <span class='ocrx_word' id='word_1_198' title='bbox 1765 3824 1937 3936; x_wconf 57' lang='lat' dir='ltr'>Apostoa</span> 
     </span>
     <span class='ocr_line' id='line_1_27' title="bbox 536 3939 1933 4061; baseline 0 -33"><span class='ocrx_word' id='word_1_199' title='bbox 536 3939 598 4030; x_wconf 85' lang='lat' dir='ltr'>lus</span> <span class='ocrx_word' id='word_1_200' title='bbox 620 3975 694 4061; x_wconf 90' lang='lat' dir='ltr'>pro</span> <span class='ocrx_word' id='word_1_201' title='bbox 726 3943 984 4040; x_wconf 82' lang='lat' dir='ltr'>Ecclesiarum</span> <span class='ocrx_word' id='word_1_202' title='bbox 1017 3944 1139 4031; x_wconf 80' lang='lat' dir='ltr'>salute</span> <span class='ocrx_word' id='word_1_203' title='bbox 1163 3945 1356 4061; x_wconf 87' lang='lat' dir='ltr'>suscepit,</span> <span class='ocrx_word' id='word_1_204' title='bbox 1387 3943 1537 4031; x_wconf 77' lang='lat' dir='ltr'>dicente</span> <span class='ocrx_word' id='word_1_205' title='bbox 1566 3942 1768 4043; x_wconf 88' lang='lat' dir='ltr'>Domino,</span> <span class='ocrx_word' id='word_1_206' title='bbox 1799 3941 1859 4024; x_wconf 88' lang='lat' dir='ltr'>Tu</span> <span class='ocrx_word' id='word_1_207' title='bbox 1884 3971 1933 4028; x_wconf 85' lang='lat' dir='ltr'>es</span> 
     </span>
     <span class='ocr_line' id='line_1_28' title="bbox 535 4057 1934 4189; baseline 0.001 -46"><span class='ocrx_word' id='word_1_208' title='bbox 535 4057 700 4165; x_wconf 82' lang='lat' dir='ltr'>Petrus,</span> <span class='ocrx_word' id='word_1_209' title='bbox 715 4085 754 4149; x_wconf 86' lang='lat' dir='ltr'>et</span> <span class='ocrx_word' id='word_1_210' title='bbox 771 4093 886 4181; x_wconf 86' lang='lat' dir='ltr'>super</span> <span class='ocrx_word' id='word_1_211' title='bbox 900 4064 999 4150; x_wconf 87' lang='lat' dir='ltr'>hanc</span> <span class='ocrx_word' id='word_1_212' title='bbox 1010 4063 1389 4189; x_wconf 75' lang='lat' dir='ltr'>petramordificabo</span> <span class='ocrx_word' id='word_1_213' title='bbox 1405 4063 1615 4152; x_wconf 81' lang='lat' dir='ltr'>Ecclesiam</span> <span class='ocrx_word' id='word_1_214' title='bbox 1625 4090 1747 4148; x_wconf 84' lang='lat' dir='ltr'>meam</span> <span class='ocrx_word' id='word_1_215' title='bbox 1768 4122 1778 4144; x_wconf 92' lang='lat'><strong><em>.</em></strong></span> <span class='ocrx_word' id='word_1_216' title='bbox 1798 4058 1934 4173; x_wconf 88' lang='lat' dir='ltr'>Quod</span> 
     </span>
     <span class='ocr_line' id='line_1_29' title="bbox 534 4174 1930 4299; baseline 0.001 -34"><span class='ocrx_word' id='word_1_217' title='bbox 534 4174 567 4265; x_wconf 79' lang='lat' dir='ltr'>ei</span> <span class='ocrx_word' id='word_1_218' title='bbox 589 4204 780 4282; x_wconf 40' lang='lat' dir='ltr'>uentrem</span> <span class='ocrx_word' id='word_1_219' title='bbox 797 4206 988 4288; x_wconf 82' lang='lat' dir='ltr'>tentum,</span> <span class='ocrx_word' id='word_1_220' title='bbox 1020 4181 1093 4276; x_wconf 88' lang='lat' dir='ltr'>sed</span> <span class='ocrx_word' id='word_1_221' title='bbox 1110 4179 1449 4299; x_wconf 53' lang='lat' dir='ltr'>ipsumssquoque</span> <span class='ocrx_word' id='word_1_222' title='bbox 1482 4212 1634 4270; x_wconf 91' lang='lat' dir='ltr'>nomen</span> <span class='ocrx_word' id='word_1_223' title='bbox 1660 4179 1930 4296; x_wconf 87' lang='lat' dir='ltr'>quaerimus,</span> 
     </span>
     <span class='ocr_line' id='line_1_30' title="bbox 535 4296 1930 4414; baseline -0.001 -28"><span class='ocrx_word' id='word_1_224' title='bbox 535 4296 1031 4414; x_wconf 64' lang='lat' dir='ltr'>celebraturin-universa</span> <span class='ocrx_word' id='word_1_225' title='bbox 1049 4301 1223 4392; x_wconf 83' lang='lat' dir='ltr'>Ecclesia</span> <span class='ocrx_word' id='word_1_226' title='bbox 1242 4300 1446 4393; x_wconf 84' lang='lat' dir='ltr'>Conversio</span> <span class='ocrx_word' id='word_1_227' title='bbox 1464 4304 1505 4387; x_wconf 91' lang='lat' dir='ltr'>S.</span> <span class='ocrx_word' id='word_1_228' title='bbox 1523 4300 1669 4403; x_wconf 90' lang='lat' dir='ltr'>Pauli,</span> <span class='ocrx_word' id='word_1_229' title='bbox 1703 4298 1930 4388; x_wconf 87' lang='lat' dir='ltr'>celebratur</span> 
     </span>
     <span class='ocr_line' id='line_1_31' title="bbox 520 4415 1930 4542; baseline 0.001 -41"><span class='ocrx_word' id='word_1_230' title='bbox 520 4415 585 4522; x_wconf 28' lang='lat' dir='ltr'>in·</span> <span class='ocrx_word' id='word_1_231' title='bbox 599 4420 823 4542; x_wconf 86' lang='lat' dir='ltr'>Hispania,</span> <span class='ocrx_word' id='word_1_232' title='bbox 842 4425 962 4532; x_wconf 86' lang='lat' dir='ltr'>atque</span> <span class='ocrx_word' id='word_1_233' title='bbox 978 4422 1065 4508; x_wconf 87' lang='lat' dir='ltr'>aliis</span> <span class='ocrx_word' id='word_1_234' title='bbox 1084 4420 1127 4504; x_wconf 88' lang='lat' dir='ltr'>in</span> <span class='ocrx_word' id='word_1_235' title='bbox 1140 4424 1237 4522; x_wconf 82' lang='lat' dir='ltr'>locis</span> <span class='ocrx_word' id='word_1_236' title='bbox 1254 4419 1519 4515; x_wconf 78' lang='lat' dir='ltr'>conversios.</span> <span class='ocrx_word' id='word_1_237' title='bbox 1536 4420 1761 4538; x_wconf 81' lang='lat' dir='ltr'>Augustini</span> <span class='ocrx_word' id='word_1_238' title='bbox 1777 4450 1791 4522; x_wconf 81' lang='lat'>3</span> <span class='ocrx_word' id='word_1_239' title='bbox 1822 4444 1930 4505; x_wconf 88' lang='lat' dir='ltr'>utra·</span> 
     </span>
     <span class='ocr_line' id='line_1_32' title="bbox 534 4538 1931 4660; baseline -0.003 -38"><span class='ocrx_word' id='word_1_240' title='bbox 534 4565 622 4654; x_wconf 55' lang='lat' dir='ltr'>que,</span> <span class='ocrx_word' id='word_1_241' title='bbox 648 4539 798 4638; x_wconf 81' lang='lat' dir='ltr'>inserta</span> <span class='ocrx_word' id='word_1_242' title='bbox 831 4538 949 4630; x_wconf 89' lang='lat' dir='ltr'>estin</span> <span class='ocrx_word' id='word_1_243' title='bbox 985 4542 1283 4660; x_wconf 88' lang='lat' dir='ltr'>Martyrologio</span> <span class='ocrx_word' id='word_1_244' title='bbox 1315 4545 1535 4629; x_wconf 84' lang='lat' dir='ltr'>Romano.</span> <span class='ocrx_word' id='word_1_245' title='bbox 1570 4547 1683 4628; x_wconf 87' lang='lat' dir='ltr'>Haec</span> <span class='ocrx_word' id='word_1_246' title='bbox 1724 4538 1931 4624; x_wconf 87' lang='lat' dir='ltr'>rationum</span> 
     </span>
     <span class='ocr_line' id='line_1_33' title="bbox 530 4650 1928 4779; baseline -0.007 -33"><span class='ocrx_word' id='word_1_247' title='bbox 530 4681 770 4763; x_wconf 88' lang='lat' dir='ltr'>momenta,</span> <span class='ocrx_word' id='word_1_248' title='bbox 802 4688 974 4777; x_wconf 75' lang='lat' dir='ltr'>quaeest</span> <span class='ocrx_word' id='word_1_249' title='bbox 991 4661 1133 4749; x_wconf 90' lang='lat' dir='ltr'>intima</span> <span class='ocrx_word' id='word_1_250' title='bbox 1151 4662 1207 4747; x_wconf 90' lang='lat' dir='ltr'>rei</span> <span class='ocrx_word' id='word_1_251' title='bbox 1234 4686 1413 4765; x_wconf 81' lang='lat' dir='ltr'>natura,</span> <span class='ocrx_word' id='word_1_252' title='bbox 1446 4664 1631 4779; x_wconf 87' lang='lat' dir='ltr'>beneque</span> <span class='ocrx_word' id='word_1_253' title='bbox 1650 4650 1928 4771; x_wconf 90' lang='lat' dir='ltr'>comprobatis</span> 
     </span>
     <span class='ocr_line' id='line_1_34' title="bbox 533 4769 1929 4897; baseline -0.005 -34"><span class='ocrx_word' id='word_1_254' title='bbox 533 4778 723 4896; x_wconf 69' lang='lat' dir='ltr'>exemplis</span> <span class='ocrx_word' id='word_1_255' title='bbox 741 4781 887 4883; x_wconf 77' lang='lat' dir='ltr'>anuli,</span> <span class='ocrx_word' id='word_1_256' title='bbox 918 4780 1088 4869; x_wconf 89' lang='lat' dir='ltr'>certiora</span> <span class='ocrx_word' id='word_1_257' title='bbox 1103 4802 1203 4870; x_wconf 84' lang='lat' dir='ltr'>sunt</span> <span class='ocrx_word' id='word_1_258' title='bbox 1220 4844 1237 4886; x_wconf 90' lang='lat'>,</span> <span class='ocrx_word' id='word_1_259' title='bbox 1267 4811 1393 4897; x_wconf 84' lang='lat' dir='ltr'>quarn</span> <span class='ocrx_word' id='word_1_260' title='bbox 1410 4809 1459 4872; x_wconf 93' lang='lat' dir='ltr'>ut</span> <span class='ocrx_word' id='word_1_261' title='bbox 1476 4781 1567 4884; x_wconf 82' lang='lat' dir='ltr'>ullis</span> <span class='ocrx_word' id='word_1_262' title='bbox 1595 4769 1929 4874; x_wconf 25' lang='lat' dir='ltr'>cavillationibus·</span> 
     </span>
     <span class='ocr_line' id='line_1_35' title="bbox 534 4889 1921 5024; baseline -0.017 -28"><span class='ocrx_word' id='word_1_263' title='bbox 534 4890 732 5000; x_wconf 65' lang='lat' dir='ltr'>infirmari</span> <span class='ocrx_word' id='word_1_264' title='bbox 751 4962 764 5000; x_wconf 85' lang='lat'>‚</span> <span class='ocrx_word' id='word_1_265' title='bbox 786 4900 1046 4998; x_wconf 70' lang='lat' dir='ltr'>&#39;evidentiora</span> <span class='ocrx_word' id='word_1_266' title='bbox 1065 4932 1242 5018; x_wconf 80' lang='lat' dir='ltr'>„quam</span> <span class='ocrx_word' id='word_1_267' title='bbox 1271 4929 1321 4991; x_wconf 89' lang='lat' dir='ltr'>ut</span> <span class='ocrx_word' id='word_1_268' title='bbox 1334 4894 1510 5014; x_wconf 74' lang='lat' dir='ltr'>tenebris</span> <span class='ocrx_word' id='word_1_269' title='bbox 1526 4895 1675 5001; x_wconf 72' lang='lat' dir='ltr'>&gt;offusis</span> <span class='ocrx_word' id='word_1_270' title='bbox 1706 4889 1921 5024; x_wconf 78' lang='lat' dir='ltr'>obscurari</span> 
     </span>
     <span class='ocr_line' id='line_1_36' title="bbox 530 5013 1940 5154; baseline -0.008 -36"><span class='ocrx_word' id='word_1_271' title='bbox 530 5014 1006 5122; x_wconf 55' lang='lat' dir='ltr'>wsantcelaeuisnon</span> <span class='ocrx_word' id='word_1_272' title='bbox 1021 5013 1808 5154; x_wconf 33' lang='lat' dir='ltr'>multosante&#39;anuospiimeruditieque</span> <span class='ocrx_word' id='word_1_273' title='bbox 1824 5039 1940 5116; x_wconf 67' lang='lat' dir='ltr'>vult,</span> 
     </span>
    </p>
   </div>
   <div class='ocr_carea' id='block_1_3' title="bbox 0 0 2546 6234">
    <p class='ocr_par' dir='ltr' id='par_1_4' title="bbox 0 0 2546 6234">
     <span class='ocr_line' id='line_1_37' title="bbox 0 0 2546 6234; baseline 0 16"><span class='ocrx_word' id='word_1_274' title='bbox 0 0 2546 6234; x_wconf 95' lang='lat' dir='ltr'> </span> 
     </span>
    </p>
   </div>
  </div>
 </body>
</html>
