5084 6234
929 827 1583 919 eccnrstnsrrscts
1869 857 1968 951 133³-

574 974 708 1064 tltolicrt
729 1038 743 1075 ,
772 974 844 1057 sub
859 971 921 1057 elie·
935 974 987 1055 X.
1005 969 1111 1059 Maii
1133 979 1304 1069 thoni„
1325 970 1438 1056 Cum
1458 1002 1550 1059 nero
1570 987 1781 1089 progressu
1801 998 1880 1060 tem
1910 1007 1971 1061 o«

573 1150 603 1196 „
636 1097 688 1181 ris
704 1092 1052 1209 typographorum
1069 1089 1336 1205 negligentia,
1369 1116 1409 1174 et
1423 1090 1608 1192 incuria,
1641 1120 1679 1177 et
1699 1092 1822 1178 nimia
1854 1006 1961 1178 alio-

574 1272 603 1315 „
635 1244 727 1302 rum
743 1210 863 1298 etiarn
878 1236 924 1292 ea
941 1272 955 1308 ,
971 1236 1077 1322 quae
1095 1213 1147 1292 ad
1163 1209 1268 1325 ipsos
1287 1219 1372 1292 n'on
1389 1206 1618 1325 pertinent,
1635 1235 1780 1296 temere
1796 1211 1871 1301 sibi
1891 1242 1972 1299 as·¹

574 1390 603 1434 ,‚
632 1329 881 1423 sumentium
891 1326 1091 1423 audacia,
1122 1356 1168 1412 ac
1189 1326 1347 1413 licentia
1369 1326 1484 1412 multi
1500 1356 1654 1413 errores
1671 1328 1714 1413 in
1738 1328 1836 1415 ilud
1852 1330 1957 1419 irre-

572 1506 604 1551 „
635 1450 814 1571 pserint,
838 1476 883 1531 ac
901 1468 987 1530 tum
1005 1443 1170 1529 insacra
1186 1444 1389 1561 Scriptura
1406 1510 1419 1546 ,
1434 1470 1474 1530 et
1501 1445 1743 1535 lectionibus
1759 1450 1958 1553 Parrum,

573 1627 605 1671 „
637 1595 726 1664 turn
757 1565 799 1649 in
819 1563 910 1653 vitis
929 1566 1199 1665 Sanctorum,
1230 1589 1269 1649 et
1289 1564 1491 1667 rubricis,
1524 1564 1689 1679 aliisque
1707 1565 1830 1668 locis,
1864 1571 1956 1656 sine

559 1741 607 1791 .‚‚
640 1712 805 1784 nostra,
836 1706 877 1767 et
909 1683 1190 1768 Romanorum
1228 1684 1470 1770 Pontificum
1497 1683 1851 1771 Praedecessorum
1877 1718 1959 1775 no·

572 1860 604 1906 ‚,
635 1829 811 1894 urorum
828 1799 1094 1900 auctoritate,
1122 1831 1196 1917 pro
1212 1799 1409 1916 cujusque
1422 1800 1588 1888 arbitrio
1599 1802 1786 1918 pleraque
1803 1803 1960 1910 addita,

577 1982 609 2025 „
636 1949 676 2011 et
690 1924 900 2020 immutata
914 1917 1092 2019 fuerint,
1117 1918 1171 2003 ita
1190 1946 1238 2005 ut
1253 1921 1364 2003 nulla
1379 1919 1462 2036 jam
1478 1919 1729 2037 reperiantur
1746 1925 1960 2028 breviaria,

579 2097 608 2143 „
637 2073 778 2158 quaea
795 2040 924 2157 prima
940 2034 1119 2121 editione
1134 2036 1316 2151 ejusdem
1331 2039 1390 2123 Pii
1407 2040 1449 2124 in
1467 2039 1600 2125 multis
1615 2068 1702 2124 non
1719 2040 1961 2160 discrepent,

580 2219 611 2263 „
641 2185 763 2276 atque
779 2156 1045 2257 dissentiant,
1076 2179 1116 2243 et
1146 2157 1284 2271 aliqua
1321 2158 1593 2273 recognitione
1620 2188 1705 2244 non
1746 2160 1963 2278 indigeant

581 2339 612 2380 „
639 2304 715 2365 etc.
733 2340 791 2382 „.
823 2280 925 2363 Non
957 2299 1090 2363 tamen
1114 2301 1324 2391 propterea
1342 2276 1511 2375 credas,
1543 2275 1645 2359 nihil
1679 2278 1792 2362 aliud
1826 2306 1965 2366 actum

579 2394 703 2483 fuisse
719 2459 732 2497 ,
748 2398 823 2486 nisi
839 2421 886 2483 ut
900 2394 1050 2511 primae
1067 2390 1240 2479 editioni
1255 2396 1406 2480 Pianae
1427 2392 1673 2481 breviarium
1687 2395 1849 2510 penitus
1864 2426 1970 2483 con·

580 2514 854 2632 formaretur„
881 2512 1080 2599 Adhibita
1095 2511 1206 2598 enim
1216 2541 1273 2601 est
1288 2513 1492 2629 diligentia
1508 2576 1523 2614 ,
1538 2512 1730 2605 utetiam
1752 2542 1832 2620 ea,
1858 2544 1969 2630 quae
2030 2613 2033 2618 ,

580 2630 626 2716 in
653 2659 702 2719 eo
718 2632 917 2724 breviario
934 2630 1266 2748 reperiebantur,
1284 2630 1515 2748 recognita,
1543 2655 1613 2732 et,
1645 2631 1719 2719 ubi
1749 2635 1966 2750 oportuit,

578 2753 851 2841 emendatiora
869 2751 1109 2868 prodirent3
1135 2748 1177 2835 in
1208 2783 1334 2866 quam
1348 2779 1432 2835 rem
1448 2749 1586 2837 delecti
1602 2773 1702 2837 sunt
1715 2750 1880 2867 plurimi
1897 2781 1969 2841 ce·

581 2866 777 2960 leberrimi
794 2871 899 2972 viri,
923 2899 1030 2982 quos
1049 2869 1295 2956 nominatim
1312 2869 1524 2986 compellat
1541 2867 1797 2987 Gavantus(
1825 2871 1875 2985 ).
1903 2875 1970 2961 De

581 2986 644 3076 his
653 2983 837 3103 loquitur
855 2991 962 3078 idem
977 2988 1168 3075 Clemens
1186 2988 1296 3075 Vlll.
1312 2989 1420 3075 citat.
1439 3014 1557 3074 const.
1572 2986 1853 3075 lllandauitnus
1865 3020 1972 3086 non-

580 3108 698 3194 nullis
709 3109 811 3224 piir‚
837 3132 877 3197 et
890 3109 1047 3196 eruditis
1075 3107 1196 3204 uiris,
1223 3138 1382 3223 quorum
1405 3104 1711 3205 consultatione,
1735 3124 1775 3190 et
1789 3135 1904 3223 opera
1922 3107 1968 3197 in

581 3222 798 3335 hujusmodi
818 3231 928 3314 rebus
948 3223 1170 3344 frequenter
1199 3226 1373 3325 utimur,
1405 3246 1449 3309 ut
1476 3222 1574 3309 idem
1610 3224 1835 3312 breuiarium
1866 3257 1969 3317 nova

577 3341 747 3433 adhibita
762 3345 961 3467 d'ligentin
981 3346 1195 3433 accuratius
1211 3344 1463 3461 irupicerent,
1486 3365 1601 3460 atque
1615 3340 1880 3430 examinarent
1895 3407 1910 3445 ,
1927 3372 1969 3434 et

581 3491 626 3546 ea
642 3523 656 3561 ,
670 3494 765 3579 quae
781 3465 984 3580 depravata
1008 3492 1123 3565 esse,
1151 3487 1190 3551 et
1205 3462 1460 3583 recognitione
1483 3464 1655 3586 indigere
1681 3458 1965 3551 ennarant-

580 3606 696 3685 rent,
723 3613 797 3701 pro
813 3598 883 3668 rhu
904 3581 1077 3668 doctrina
1093 3646 1106 3682 ,
1121 3612 1158 3667 er
1172 3584 1320 3701 pietate
1335 3582 1574 3667 restituerent
1594 3645 1606 3665 .

643 3701 740 3814 156.
773 3704 820 3785 ln
840 3701 917 3788 hac
931 3731 1026 3789 vero
1042 3703 1286 3788 correctione
1301 3764 1314 3799 ,
1330 3698 1415 3787 sive
1431 3699 1586 3798 mavis,
1603 3698 1877 3815 recognitione
1894 3722 1967 3798 ,et

584 3819 834 3908 restitutione
848 3821 917 3910 vix
935 3820 1035 3905 alius
1047 3818 1160 3906 locus
1175 3820 1294 3904 datus
1311 3841 1368 3903 est
1382 3817 1576 3929 hymnis,
1598 3816 1675 3901 nisi
1691 3816 1808 3929 quod
1822 3814 1970 3929 aliqui··

582 3936 853 4054 busantiquis
869 3937 1021 4025 omissis
1037 3939 1157 4053 pauci
1176 3936 1273 4024 novi
1305 3960 1407 4023 recte
1431 3936 1639 4053 compositi
1674 3933 1833 4023 inducti
1849 3957 1983 4037 sunt,¹

464 4138 467 4142 .
586 4054 647 4139 uti
681 4048 859 4171 hymnus
875 4060 1055 4158 ,Fortem
1088 4056 1190 4141 virili
1210 4082 1392 4172 pectore,
1420 4078 1460 4141 et
1488 4056 1670 4168 hymnus
1701 4052 1759 4139 ad
1779 4079 1966 4171 vesperae

586 4170 629 4254 S.
645 4173 799 4261 Mariae
829 4175 1129 4294 Magdalenae‚
1153 4176 1268 4270 Pater
1298 4173 1456 4289 superni
1478 4173 1660 4275 lurninir;
1684 4202 1866 4286 quorum
1895 4169 1982 4274 hic¹

589 4314 795 4376 auctorem
822 4296 944 4383 habet
970 4292 1235 4379 Cardinalem
1263 4292 1578 4395 Bellarminum,
1606 4292 1669 4378 ille
1700 4287 1976 4377 Cardinalem

584 4404 756 4498 Silvium
784 4411 1111 4512 Antonianum,
1142 4437 1365 4525 utrumque
1395 4441 1417 4498 e
1454 4441 1625 4499 numero
1648 4409 1971 4497 Correctorum.

584 4521 646 4613 Ex
664 4528 745 4615 hoc
760 4553 933 4648 ternpore
952 4529 1058 4646 siqui
1092 4531 1237 4645 hymni
1255 4556 1429 4616 recentes
1446 4530 1489 4614 in
1500 4527 1744 4619 breviarium
1760 4520 1880 4607 inseri
1897 4521 1976 4606 de·-

586 4642 797 4754 buerunt,
824 4651 1031 4743 latiniores
1066 4680 1133 4736 eos
1166 4681 1287 4752 esse,
1325 4673 1365 4733 et
1406 4646 1512 4763 justa
1545 4672 1733 4735 mensura
1763 4637 1973 4759 praeditos

524 4855 528 4861 ,
587 4768 795 4885 oportebat
813 4800 828 4875 3
861 4772 978 4896 quod
992 4768 1207 4891 praecipue
1236 4762 1502 4859 animadverti
1518 4786 1648 4885 potest
1666 4759 1710 4850 in
1736 4762 1896 4881 hymno
1913 4755 1971 4852 ad

643 5025 697 5122 (t)
722 5023 1467 5124 lucubile-beevlar.peruenerat-cape.
1520 5065 1526 5086 ι
1866 5051 1869 5058 ·
1989 5044 1999 5095 t

1924 5148 2253 5525 Λ
