5084 6234
644 877 645 880 ψ
702 837 808 927 sss
930 804 942 819 ’

1130 799 1353 893 ἨΜ
1380 800 1494 893 stt)
1524 803 1567 892 D
1595 804 1684 897 ῐῑΑ

1022 944 1175 1035 Totum
1202 951 1294 1033 Deo
1328 974 1374 1032 so
1401 944 1572 1037 devovet
1602 1013 1617 1051 ,
1690 1026 1693 1033 .
1740 960 1771 1032 ,ἶ

1078 1066 1254 1154 Virtutis
1287 1061 1410 1168 armis
1437 1063 1612 1183 cingitur
1638 1127 1653 1170 ,

1074 1184 1242 1302 Corpus
1273 1180 1420 1303 premit
1448 1182 1606 1299 jejunio
1635 1248 1652 1289 ,

917 1304 983 1391 16.
1075 1301 1163 1390 Cor
1196 1334 1303 1421 pane
1339 1299 1436 1387 caeli
1471 1329 1670 1395 recreat.

919 1453 986 1537 ¹7·
1018 1419 1092 1507 His
1116 1448 1250 1540 septus
1283 1419 1404 1507 armis
1431 1417 1601 1507 acriter,

1068 1541 1267 1629 Retundit
1296 1563 1408 1625 astus
1441 1538 1667 1630 Daemonis
1695 1602 1713 1646 ,

1070 1660 1246 1746 Mauros
1278 1660 1461 1743 furentes
1487 1658 1643 1749 territat

916 1778 983 1862 18.
1073 1778 1303 1895 Insignibus
1337 1772 1586 1861 miraculis.

908 1925 973 2010 ¹9·
1008 1897 1185 1981 Immane
1218 1921 1366 1981 saxum
1401 1893 1610 2007 percutit,

907 2041 975 2100 20.
1065 2017 1231 2127 ictuque
1259 2012 1397 2127 virgae
1430 2008 1606 2112 dividit,

906 2159 975 2219 21.
1064 2125 1277 2219 Profunda
1308 2126 1423 2219 vallis
1446 2128 1670 2240 cernitur,

907 2279 977 2340 22.
1067 2252 1242 2367 Stupent
1266 2248 1409 2339 timore
1438 2246 1642 2336 Barbari.
1687 2254 1699 2276 ²

735 2485 969 2580 Adluudes.
1002 2442 1107 2601 Jam
1131 2485 1277 2604 plenus
1305 2487 1455 2591 annis,
1484 2484 1698 2603 proximus

1023 2611 1025 2615 ’
1062 2605 1183 2701 Vitae
1217 2605 1378 2725 fugacis
1405 2605 1586 2709 ultimo,

1057 2723 1164 2812 Solvi
1198 2725 1350 2812 catenis
1381 2723 1564 2842 corporis
1600 2785 1616 2827 ,

1065 2844 1118 2931 Et
1146 2869 1227 2928 esse
1268 2872 1365 2930 curn
1395 2840 1565 2931 Christo
1596 2838 1756 2957 cupit.

700 3117 743 3190 da
769 3117 865 3190 vocis
885 3118 1087 3216 praesidiirc
1122 3118 1156 3193 in
1182 3143 1242 3219 ²4·
1260 3122 1370 3215 prima
1429 3145 1534 3219 grave
1550 3134 1834 3220 aspemarenture
1854 3116 2094 3212 illi,quorutn

699 3213 798 3286 verbi
827 3216 989 3300 recubat,
1024 3221 1110 3302 hae,
1137 3217 1302 3313 inquam,
1327 3245 1368 3292 o·

1430 3222 1597 3305 interest,
1626 3246 1665 3296 ea
1677 3223 1722 3295 de
1737 3243 1774 3294 re
1786 3216 1987 3304 judicabunt
2002 3265 2014 3288 .
2029 3218 2096 3288 Su·

698 3334 794 3386 mnes
807 3313 940 3387 vocales
956 3333 1101 3399 contra,
1130 3340 1231 3411 quam
1246 3337 1365 3391 natnra
1426 3320 1621 3411 pecioribus
1636 3320 1729 3395 annis
1749 3321 1837 3391 orde
1864 3316 1977 3387 divini
1994 3314 2094 3406 officii

685 3429 814 3484 earum
843 3411 933 3498 fert,
962 3417 1228 3505 producuntur.
1255 3416 1361 3487 Prae·

694 3522 790 3580 terea
805 3508 943 3584 ultimae
956 3510 1107 3609 syllabae
1123 3513 1155 3584 in
1170 3513 1288 3586 divisit
1300 3564 1312 3598 ,
1325 3531 1361 3588 et

682 3603 920 3778 amfredum,
951 3634 1039 3705 quae
1067 3611 1236 3704 positione
1281 3629 1360 3684 sunt

684 3737 689 3747 ·
755 3728 841 3799 gae,
867 3706 1123 3802 corripiuntur.
1155 3710 1358 3803 Apostolica

696 3801 800 3877 Sedes
811 3806 989 3889 concessit,
1004 3808 1220 3882 festivitatem
1240 3809 1358 3881 &Fru-

692 3902 742 3975 cti
760 3900 926 3977 celebrari
946 3907 1082 4003 hymnis
1104 3906 1281 3999 propriis,
1301 3930 1361 3979 an·

692 3996 865 4092 tiphonis,
880 4005 1127 4095 responsoriis,
1155 4024 1191 4078 et
1205 4004 1359 4077 lectioni·

691 4098 756 4169 iius
770 4100 909 4171 secundi
937 4102 1093 4175 nocturni
1108 4126 1152 4178 ex
1165 4103 1358 4175 Msscodi·

679 4194 791 4269 ¹eibos
821 4196 989 4271 Ecclesiae
1005 4201 1248 4294 segoviensis.
1280 4201 1357 4273 Me·

679 4295 816 4368 ‘nardus
829 4296 920 4388 apud
949 4296 1187 4376 Mabillonium
1204 4323 1269 4369 non
1303 4322 1357 4371 re·

678 4411 897 4489 pugnantem
926 4393 959 4466 ir
987 4397 1095 4466 ,Actis
1112 4404 1169 4468 Si.
1186 4399 1356 4468 Benedict.

682 4489 735 4567 cd
746 4515 869 4566 astate
890 4497 974 4590 670.
987 4495 1021 4565 ia
1037 4495 1117 4565 Vita
1134 4501 1166 4565 S.
1182 4497 1357 4566 Praeterii

682 4594 904 4667 -smarsast‘s
915 4610 1016 4668 vocat
1027 4592 1234 4687 Episcopum
1248 4595 1354 4687 Sego·

680 4687 842 4762 *rientem
855 4694 943 4765 hunc
958 4712 1111 4765 nostrum
1126 4692 1161 4765 S.
1176 4693 1355 4772 Fructum,

675 4781 751 4888 qui
766 4810 807 4856 ne
819 4792 976 4862 sacerdos
990 4792 1131 4886 quidem
1146 4790 1209 4864 fuit
1225 4841 1237 4863 .
1274 4794 1355 4864 Au·

687 4886 763 4961 divi
775 4906 876 4973 saepe
891 4886 1043 4971 multos,
1077 4914 1154 4968 cum
1174 4892 1356 4972 huiusmo-

688 4984 724 5062 oi
739 4980 891 5068 officium
907 4983 941 5058 S.
955 4983 1073 5061 Fructi
1102 4988 1209 5063 veluti
1224 5011 1353 5085 parum

1422 3419 1588 3489 recitandi
1604 3441 1626 3487 a
1643 3414 1868 3490 sacerdotibus
1887 3414 2011 3507 Regiae
2027 3413 2094 3481 m·-

1419 3529 1599 3611 spanorttm
1612 3516 1782 3586 Ecclesiae
1792 3518 1831 3586 tle
1848 3509 1934 3582 vrbe
1949 3533 2023 3582 cum
2032 3507 2091 3595 fe·

1418 3615 1478 3683 stis
1493 3662 1505 3696 ,
1522 3636 1620 3711 ,qaae
1634 3612 1841 3708 generaliter
1855 3612 1890 3681 ia
1918 3608 2088 3703 Hispania

1418 3710 1648 3794 celebrantur,
1665 3709 1917 3806 praescribebat
1933 3754 1945 3789 ,
1961 3706 1995 3776 in
2012 3705 2091 3776 offi-

1419 3810 1476 3881 cio
1491 3813 1527 3884 S.
1539 3809 1658 3882 Fructi
1686 3827 1823 3902 praeter
1848 3803 2014 3879 lectiones
2030 3825 2087 3873 se·

1417 3907 1521 3979 cundi
1536 3955 1549 3989 ,
1567 3926 1601 3979 et
1619 3905 1712 3980 tertii
1729 3902 1888 3982 nocturni
1905 3901 2021 3972 omnia
2036 3923 2089 3971 cs·

1418 4005 1475 4076 se'
1493 4007 1536 4077 de
1564 4003 1740 4079 communi
1774 3998 1992 4078 confessoris
2021 4021 2089 4071 non

1417 4102 1622 4184 Pontificit,
1650 4102 1830 4195 aliquando
1859 4120 1945 4170 vero
1975 4118 2089 4193 neque

1418 4199 1581 4277 lectiones
1595 4201 1736 4275 secundi
1756 4197 1917 4274 nocturni
1932 4194 2090 4290 proprias

1417 4300 1555 4373 admisit
1576 4349 1587 4371 .
1612 4299 1750 4381 Recte,
1775 4297 1803 4370 si
1832 4294 1987 4369 officium
2008 4314 2090 4388 pro·

1417 4399 1532 4491 prium
1550 4398 1585 4471 S.
1602 4396 1720 4471 Fructi
1740 4399 1781 4469 ad
1799 4395 1993 4470 universam
2022 4388 2090 4464 Hi·

1416 4496 1565 4589 spaniam
1591 4519 1660 4568 non
1677 4514 1729 4569 cst
1742 4514 1948 4569 extensum.
1977 4488 2085 4599 Quod

1414 4595 1443 4667 si
1481 4594 1633 4669 officium
1676 4592 1896 4673 istiusmodi,
1924 4586 2023 4698 quale
2053 4606 2087 4653 tn

1417 4692 1563 4785 proprio
1592 4692 1710 4769 officio
1742 4694 1940 4767 Sanctorum
1962 4683 2085 4771 Hispa·

1416 4814 1540 4865 nornm
1558 4791 1713 4888 legitur,
1741 4811 1781 4864 ut
1798 4792 1839 4864 ab
1851 4781 2010 4858 omnibus
2022 4778 2087 4849 Hi·

1413 4890 1551 4981 spaniae
1582 4890 1742 4966 Ecclesiis
1778 4885 2010 4969 recitaretur,
2041 4879 2083 4948 ab

1414 4988 1627 5085 Apostolica.
1643 4988 1737 5064 aede
1761 5002 1960 5083 ‚concessum
1988 4974 2085 5086 luit,
