5084 6234
806 802 1597 927 QUlGNONlANUM
1803 831 1889 932 4²2

509 975 654 1069 urget,
672 954 715 1036 iu
730 951 932 1042 breviario
949 980 1059 1038 novo
1075 979 1162 1037 non
1179 948 1253 1067 legi
1263 978 1364 1038 sacr.
1384 952 1627 1070 scripturam
1641 952 1890 1067 quibusdam

507 1073 649 1158 diebus
667 1074 771 1158 lestis
785 1081 1089 1186 congruentem,
1105 1069 1148 1155 id
1166 1069 1374 1157 nonnullrs
1390 1071 1627 1157 hominibus
1643 1073 1742 1187 piis,
1761 1097 1800 1160 et
1818 1073 1888 1155 do-

509 1190 582 1276 ctis
600 1190 713 1305 parvi
728 1189 961 1277 laciendum
980 1217 1058 1273 esse
1075 1188 1235 1275 videtur
1250 1216 1345 1306 prae
1360 1188 1525 1274 utilitate
1542 1253 1556 1292 ‚
1579 1220 1684 1305 quae
1714 1221 1763 1278 ex
1782 1190 1884 1277 inte·

507 1337 580 1424 gro
596 1309 732 1394 codice
750 1306 966 1393 bibliorum
1000 1334 1069 1421 per
1086 1305 1187 1390 anni
1200 1306 1376 1422 spatium
1412 1307 1574 1393 recitato
1602 1333 1884 1426 permanaret.

508 1426 741 1517 bernardus
758 1428 939 1533 Lamyus
964 1429 1152 1538 Apparet.
1170 1423 1302 1510 Bittis
1323 1423 1388 1508 lib.
1400 1455 1440 1540 3.
1457 1454 1585 1541 capp.
1607 1455 1753 1542 parum
1769 1428 1892 1518 refer-

511 1572 553 1630 re
572 1542 657 1645 ait,
690 1545 796 1643 hoc,
826 1540 973 1626 analio
1004 1541 1146 1626 ordine
1171 1570 1284 1628 sacra
1315 1542 1519 1661 Scriptura
1554 1544 1738 1660 legatur,
1768 1546 1891 1630 dum⁴

515 1660 639 1749 modo
653 1687 739 1748 tota
759 1688 902 1745 annuo
920 1658 1048 1773 spatio
1064 1659 1232 1771 legenda
1254 1658 1298 1741 in
1325 1659 1524 1749 breviario
1543 1660 1805 1748 insereretur:
1827 1685 1891 1746 ta-

521 1808 614 1865 men
634 1808 685 1863 ex
702 1804 864 1863 auctore
884 1776 1058 1891 pietate,
1088 1802 1125 1862 et
1135 1774 1318 1861 doctrina
1335 1776 1513 1893 insigni,
1535 1777 1608 1894 qui
1626 1808 1738 1864 anno
1763 1779 1890 1892 1669.·
2017 1847 2021 1855 .

518 1895 696 1984 libellum
714 1896 932 2011 elegantem
950 1894 1057 2007 typis
1074 1890 1215 1978 Caroli
1229 1896 1410 1981 Savteux
1441 1895 1596 1996 edidit,
1628 1925 1779 1987 novam
1810 1923 1891 1980 me·

517 2012 910 2127 rhodum-explicat,
936 2040 1019 2124 qua
1050 2009 1308 2100 inbreviatio
1334 2010 1484 2129 integer
1503 2012 1892 2116 bibliorumcodex,

511 2158 558 2219 ut
572 2132 668 2218 olim
683 2133 835 2230 fiebat,
860 2129 945 2215 sine
966 2128 1083 2214 ullius
1100 2128 1225 2242 partis
1244 2130 1586 2242 praetermissione
1604 2162 1735 2251 posset
1754 2129 1891 2220 recita·

514 2252 579 2352 ri,
613 2281 741 2365 quam
758 2247 951 2333 methodo
965 2244 1264 2361 Quignouiana
1280 2247 1479 2332 meliorem
1495 2278 1581 2333 non
1598 2251 1739 2367 judico
1758 2312 1770 2335 .

570 2371 613 2452 8.
648 2370 710 2452 Ex
728 2366 776 2450 iis
791 2364 892 2475 ‚.qui
910 2365 953 2447 in
970 2362 1166 2480 Hispania
1184 2362 1306 2449 officii
1321 2363 1567 2451 ecclesiastici
1584 2368 1804 2458 novitatem
1822 2369 1892 2454 iu-'

516 2488 749 2584 duxerunt,
763 2480 956 2597 Archiep.
972 2479 1317 2567 Turiasonensem
1331 2482 1544 2567 Herculem
1560 2483 1889 2604 CardGonzaga

514 2602 665 2691 Arzius
684 2623 849 2686 excusat
864 2660 878 2699 ,
893 2602 1008 2713 quod
1026 2597 1193 2714 negotiis
1225 2597 1463 2715 gravissimis
1481 2601 1704 2720 implicatus
1724 2601 1896 2690 aliorum

517 2718 779 2810 suasionibus
799 2716 1029 2803 annuerit.
1066 2718 1128 2801 Ex
1146 2744 1231 2828 quo
1262 2718 1545 2806 reformandus
1577 2747 1635 2810 est
1667 2720 1900 2811 Ciacouius

511 2870 606 2934 cum
622 2835 833 2934 Oldoino,
861 2834 973 2949 apud
990 2860 1113 2948 quem
1131 2833 1182 2917 de
1205 2834 1375 2921 Hercule
1393 2837 1589 2958 Gonzaga
1606 2840 1777 2960 legitur:
1810 2841 1896 2928 Sub

515 2957 634 3045 Puulo
645 2957 667 3038 l
669 2958 717 3044 V.
728 2952 1045 3067 Areliepiscopus
1059 2951 1368 3053 Tarraconensis,
1382 2984 1449 3038 seu
1469 2956 1805 3070 Tprnsoueusisut
1816 2955 1888 3043 alis·

516 3077 659 3171 volunt,
671 3069 798 3179 dactus
812 3096 893 3153 est.
909 3068 1313 3188 HerculesGonzaga
1328 3070 1555 3182 multoante
1567 3074 1677 3161 Pauli
1698 3077 1768 3161 IV.
1785 3077 1898 3160 Pom·

517 3191 712 3280 tilicatum
729 3184 1499 3302 ArchiepiscopusetatTyrasouensis,
1525 3221 1597 3279 seu
1610 3189 1901 3279 Turiasonen--

518 3308 601 3407 sis,
629 3334 770 3421 nempe
787 3331 900 3389 auno
914 3302 1050 3389 saltem
1069 3332 1086 3386 1
1096 3330 1223 3418 54¹·²
1241 3305 1341 3391 sieo
1355 3330 1469 3393 anuo
1484 3310 1738 3400 breviarium
1747 3309 1897 3396 Turia-

516 3452 687 3514 sonenee
713 3420 943 3511 secundum
977 3420 1099 3510 ritum
1126 3422 1359 3522 Cardinalis
1388 3426 1632 3544 Quignones
1658 3426 1902 3546 impressum

517 3543 705 3658 est,quod
720 3567 856 3627 narrat
867 3540 970 3629 Alva
986 3539 1031 3621 iu
1038 3538 1193 3625 Militia
1210 3540 1486 3660 conceptionis
1502 3573 1610 3635 certe
1617 3545 1900 3660 Archiepisco'

517 3693 595 3781 pus
610 3657 921 3747 Turiasoneusis
935 3681 1050 3757 erat,
1079 3656 1180 3742 dum
1196 3656 1348 3745 Arzius
1364 3689 1477 3747 auno
1496 3690 1619 3775 1551.
1635 3662 1899 3779 scriptionem-

519 3806 638 3869 suam
658 3778 905 3865 conficeret.
932 3778 1072 3863 Petrus
1098 3775 1393 3890 Augustinus,
1421 3779 1647 3900 Episcopus
1671 3779 1895 3883 Oscensis,

520 3926 644 4013 quem
674 3926 749 4014 pro
775 3925 816 3981 se
835 3891 984 3978 Arzius
999 3893 1200 4010 appellat,
1222 3893 1344 3981 frater
1375 3923 1432 3983 est
1450 3895 1692 3989 celeberrimi
1719 3897 1893 3983 Antonii

522 4014 746 4131 Augustini
764 4074 775 4096 .
803 4014 927 4099 Hunc
944 4012 1076 4127 ipsum
1091 4011 1327 4098 Antonium
1341 4011 1671 4104 declamationem
1687 4014 1730 4098 iu
1747 4013 1899 4102 Conci-

524 4134 579 4219 lio
607 4126 852 4218 Tridentino
885 4131 1081 4218 adversus
1130 4127 1375 4216 breviarium
1409 4131 1639 4248 Quignonii
1675 4129 1899 4233 habuisse,

526 4278 631 4364 quae
647 4251 728 4334 Ms.
745 4274 838 4332 cum
855 4246 939 4332 aliis
958 4243 1171 4331 codicibus
1183 4246 1265 4330 Ms.
1279 4246 1456 4364 ejusdem
1471 4250 1514 4333 in
1527 4251 1773 4340 Bibliotheca
1790 4251 1902 4336 colle·

521 4366 577 4485 gii
594 4365 808 4483 imperialis
827 4362 1078 4452 Matritensis
1092 4367 1408 4470 asservabatur,
1433 4397 1482 4455 ex
1501 4370 1670 4457 Burrieli
1695 4368 1752 4453 ad
1765 4372 1901 4470 Rava-

522 4514 621 4603 gum
636 4482 800 4601 epistole
818 4480 975 4569 didici.
1003 4481 1243 4599 Gregorius
1256 4484 1467 4592 Mayans,
1498 4486 1571 4600 qui
1606 4482 1899 4604 diligentissime

524 4602 647 4693 vitam
662 4600 776 4690 Ant..
804 4599 1040 4716 Augustini
1054 4597 1194 4689 litteris
1219 4602 1503 4719 consignavit,
1536 4632 1606 4690 eos
1631 4608 1719 4692 tls
1739 4599 1899 4726 codices

524 4748 662 4809 extare
677 4716 1037 4830 nescivit,·quibus
1052 4745 1158 4805 cette
1173 4717 1300 4808 editio
1313 4721 1511 4809 Lucensis
1523 4721 1710 4814 omniurn
1725 4746 1900 4846 operum

524 4838 626 4928 Ant·
640 4836 865 4953 Augustini
878 4834 1075 4951 potuisset
1104 4825 1341 4928 noblinris
1371 4838 1445 4926 etsi
1458 4842 1708 4946 subversor,
1742 4868 1794 4925 ue
1811 4840 1903 4924 De·

527 4952 713 5051 clamatio
729 4978 948 5046 memorata
964 4952 1015 5044 sit
1028 4952 1160 5044 oratio
1175 4949 1256 5061 ils,
1269 4984 1396 5160 quapp
1411 4954 1636 5165 (grappeplas
1650 4947 1824 5073 linos.
1836 4951 1912 5054 reu

1541 5103 1569 5166 2
