5084 6234
864 765 1521 910 soccusrnsrrcrs
1799 787 1889 919 sss

484 963 613 1084 stim
629 955 757 1064 rerrrr',
769 980 916 1079 porrus
933 960 1084 1064 ‚sideru
1104 1024 1115 1047 .
1132 963 1243 1060 olim,
1258 961 1395 1076 Quem
1411 946 1534 1063 terra}
1550 983 1702 1079 pontus
1717 1025 1731 1068 ‚
1747 972 1886 1057 aethe.

485 1118 561 1178 ro.
587 1089 635 1171 ln
669 1083 803 1170 officio
820 1085 867 1202 Β.
882 1080 1040 1169 Mariae
1059 1081 1242 1201 Virginis
1259 1082 1301 1165 in
1319 1082 1498 1170 Sabbato
1529 1082 1584 1168 ad
1597 1085 1875 1176 matutinum.

484 1198 710 1302 ssornclius
729 1225 938 1288 auctorem
961 1199 1050 1291 vult
1065 1230 1146 1288 esse
1166 1206 1450 1304 Fortunatumr
1465 1200 1709 1290 Timotheus
1721 1205 1762 1293 S.
1780 1207 1886 1297 Gre-

481 1328 678 1564 {rprium
713 1320 894 1408 Primum
908 1320 1034 1438 magis
1058 1324 1291 1439 probatur,
1323 1320 1510 1436 favetque
1531 1320 1589 1408 V.
1609 1320 1886 1419 Thomnriur'.

548 1447 723 1559 iramque
750 1440 942 1528 Christum
974 1440 1188 1556 qnaeritis.
1218 1442 1264 1524 ln
1290 1438 1393 1527 festo
1406 1439 1793 1558 Transfigurationis
1826 1446 1883 1534 ad

485 1592 672 1682 vesperas
689 1595 700 1645 ε
726 1561 908 1671 hymnus
924 1585 983 1647 est
1000 1559 1220 1663 Prudentii‚
1240 1584 1340 1647 nota
1362 1560 1557 1678 marginis
1573 1559 1778 1680 Timothei
1792 1594 1887 1681 per·

484 1708 627 1807 perum
640 1709 735 1767 eum
752 1675 895 1768 tribuit
909 1682 949 1766 S.
968 1680 1177 1765 Bernardo
1194 1714 1207 1766 ε
1223 1709 1329 1795 quae
1349 1706 1562 1799 propterea
1580 1679 1625 1765 in
1642 1679 1720 1766 alis
1737 1681 1887 1773 editio-

486 1833 541 1918 ne
558 1797 702 1888 omisso
715 1822 801 1885 est.
829 1797 1019 1914 Guyetus
1037 1800 1080 1883 in
1105 1798 1280 1915 Hymnis
1297 1830 1319 1886 a
1336 1828 1375 1887 se
1392 1800 1578 1887 correctis
1604 1825 1695 1918 port
1710 1804 1888 1892 Heorto⁴

486 1915 639 2040 logiam
657 1920 808 2006 fatetur
826 1981 840 2019 ,
872 1919 977 2004 duos
991 1918 1168 2033 hymnos
1182 1918 1371 2007 breviarii
1389 1918 1563 2007 Romani
1581 1917 1635 2004 ad
1653 1918 1760 2010 hanc
1777 1920 1887 2011 diem

488 2065 689 2164 proestare
707 2036 956 2148 quibusdam
972 2038 1057 2126 aliis
1075 2040 1117 2123 in
1134 2038 1264 2124 Gallia
1298 2040 1352 2124 ad
1365 2041 1548 2126 eamdem
1564 2037 1673 2124 diem
1697 2040 1883 2130 usitatis.

489 2161 763 2372 gandeumque
796 2156 838 2241 irr
865 2160 953 2243 orbe
976 2159 1137 2245 nexibus
1172 2159 1388 2274 revinxeris
1419 2159 1888 2277 ‚olim‚Quodcumque

520 2277 636 2365 'ndis
661 2302 783 2394 super
798 2302 975 2364 terram.
1006 2278 1082 2360 Die
1106 2277 1172 2358 18.
1190 2276 1374 2372 ransarii
1393 2278 1448 2361 ad
1475 2305 1688 2391 vesperas.
1717 2279 1888 2395 Elipidis

488 2394 761 2494 dicituresse,
791 2396 848 2481 uri
864 2458 878 2496 ,
896 2392 1044 2483 Decora
1066 2394 1227 2481 nnete.
1252 2451 1264 2479 .
1288 2396 1361 2481 Est
1375 2424 1467 2512 pars
1482 2394 1789 2508 hymni‚Mirr‘s
1802 2410 1891 2512 ms-

491 2511 591 2617 ά).
615 2541 738 2625 quern
752 2513 846 2600 vide
865 2576 893 2599 .,
1892 2573 1896 2578 -

490 2635 672 2740 „Rector
692 2663 829 2752 potens
844 2700 857 2737 ,
872 2665 993 2723 verax
1022 2637 1160 2723 Deus.
1193 2632 1264 2721 Ad
1293 2658 1472 2724 sentam.
1506 2638 1547 2722 S.
1585 2633 1791 2726 Ambrosii
1833 2664 1885 2729 ex

497 2756 555 2841 V.
574 2753 706 2843 Cord.
727 2753 984 2842 Thomusio.

489 2871 738 2995 repausare
760 2871 878 2987 sortis
903 2874 1074 2963 iberiae.
1104 2874 1186 2962 Die
1207 2904 1273 2990 13.
1293 2872 1443 2993 Aprilis
1475 2874 1531 2960 ad
1566 2905 1775 2994 vesperas.
1804 2876 1894 2966 Au·

494 2987 582 3085 otor
600 2994 797 3081 Urbanus
816 2998 926 3082 Vrlr.
945 2993 1099 3109 exejus
1123 2992 1371 3081 carminibus
1392 3056 1416 3078 ..
1435 2995 1594 3080 Falsum
1621 2994 1773 3112 quippe
1792 3022 1889 3099 est,

494 3110 831 3322 rrhrhrh
847 3114 1891 3347 332th'rrhss‘rhh3252·§.hh

496 3347 608 3435 tiriae
625 3411 640 3451 ,
656 3375 696 3436 et
710 3352 750 3436 S.
762 3352 967 3442 Elisabeth
984 3350 1240 3439 Lusitanicue
1257 3409 1270 3433 .

493 3455 775 3594 Regirruperni
810 3473 945 3559 nuntio
970 3472 1076 3558 .Die
1112 3498 1178 3583 15.
1199 3470 1395 3560 Octobris
1428 3469 1482 3557 ud
1507 3498 1720 3589 vesperas.
1751 3469 1890 3556 Urba·
2044 3529 2047 3536 -

496 3585 543 3674 bi
562 3585 667 3673 vill.
700 3619 752 3678 ex
775 3589 863 3707 ejus
886 3589 1108 3709 operibus.

499 3755 531 3812 μ,
543 3707 683 3797 Rerum
696 3730 846 3796 creator
858 3707 998 3824 optime
1018 3769 1027 3787 .
1050 3707 1161 3791 feria
1177 3708 1251 3792 lV.
1269 3710 1324 3795 ad
1341 3706 1591 3793 matutinum
1610 3766 1622 3789 .
1638 3702 1889 3793 snnbrosii

500 3817 546 3912 ἴα
564 3827 783 3943 hymnario
802 3829 857 3913 V.
869 3826 999 3915 Card.
1017 3826 1225 3912 Thomasii
1243 3888 1255 3911 .

499 4003 530 4052 „
545 3949 686 4035 Rerum
716 3948 858 4048 Deus,
890 3976 1010 4034 tenax
1039 3945 1149 4067 vigor
1166 4008 1178 4031 .
1193 3942 1265 4030 Ad
1300 3973 1484 4032 nonam.
1519 3944 1565 4029 S.
1580 3939 1786 4031 Ambrosii
1834 3969 1887 4038 ex

504 4067 564 4152 V.
577 4064 710 4153 Card.
727 4065 949 4153 Thomasio
967 4128 977 4151 .

500 4183 589 4272 Res
597 4184 757 4299 gloriose
772 4217 1010 4305 mnrrprnm.
1043 4188 1091 4273 ln
1110 4188 1319 4274 communi
1349 4184 1618 4306 plurimorum
1651 4178 1889 4298 Martyrum

499 4301 560 4390 od
593 4297 759 4389 laudes.
790 4309 829 4393 S.
850 4307 1034 4423 Gregorii
1053 4336 1101 4392 ex
1118 4305 1365 4395 Timotheo.

498 4423 588 4517 Res·
615 4421 835 4537 sempiterne
865 4427 1038 4515 caelitum
1078 4488 1089 4509 .
1119 4425 1216 4512 olim
1242 4489 1259 4529 ,
1289 4431 1376 4515 hex
1408 4425 1644 4546 sempiterne
1677 4418 1890 4511 Domine·

497 4537 718 4627 Dominica
735 4544 793 4629 ad
808 4547 1055 4635 matutinum
1073 4570 1248 4661 tempore
1265 4547 1466 4665 paschali.
1505 4547 1550 4628 ln
1572 4540 1710 4660 regula
1726 4541 1768 4625 S.
1782 4536 1890 4627 Coe·

497 4658 626 4746 ariae
643 4663 926 4775 praescribitur
944 4666 1051 4752 inter
1075 4665 1174 4752 alios
1192 4666 1376 4780 hymnus
1395 4727 1408 4764 ‚
1425 4666 1513 4750 Rex
1526 4686 1676 4750 aeterne
1691 4655 1891 4765 Domine,

500 4775 576 4891 qui
591 4801 648 4863 est
667 4778 731 4868 hic
751 4782 862 4917 ipse;
894 4809 1001 4872 extat
1016 4814 1183 4899 quoquc
1213 4783 1257 4871 in
1275 4783 1411 4901 regula
1446 4784 1490 4868 S.
1510 4777 1724 4868 Aureliani
1743 4775 1891 4866 Arela-

506 4894 627 4982 reneis
651 4896 706 4982 ad
724 4903 940 5019 Virgines.
1280 4907 1285 4916 ’

565 5014 663 5134 essr·
691 5019 827 5140 uss
845 5023 1041 5118 sunus
1056 5022 1200 5142 uam
1218 5019 1498 5148 sumn.
1523 5019 1688 5229 tapso
1708 4975 1909 5111 sucos
