5084 6234
574 861 654 967 en
995 785 1520 932 peninum

572 1019 710 1082 autem
727 982 879 1075 divinis
894 980 1156 1071 claudicare‘l
1167 1014 1222 1071 an
1237 981 1786 1105 putamus,Davidem,dum
1800 981 1963 1105 psalmis

569 1139 735 1227 operam
761 1106 915 1205 dabat,
948 1101 1062 1189 metri
1078 1104 1199 1192 luisse
1230 1103 1532 1221 negligentem?
1564 1103 1644 1190 Sed
1655 1103 1709 1189 'de
1734 1100 1797 1190 his
1827 1134 1968 1194 termo

569 1231 653 1350 jam
668 1226 833 1314 habitus
849 1247 907 1311 est
923 1217 961 1344 §.
981 1221 1195 1325 XXVHL,
1226 1221 1460 1326 etXXlX.,
1490 1249 1530 1313 et
1546 1221 1694 1311 aliis'in
1713 1220 1839 1317 locis.
1871 1227 1881 1242 '

1074 1341 1225 1460 Regula
1259 1341 1454 1426 secundo.

635 1466 731 1578 198.
764 1464 1003 1580 Hymnorurn
1033 1460 1158 1577 stylus
1184 1457 1237 1545 sit
1251 1456 1432 1579 poeticus
1448 1522 1462 1561 ,
1479 1487 1517 1545 er
1534 1457 1708 1565 nitidus,
1739 1490 1860 1580 neque
1885 1461 1962 1548 lur-¹

569 1587 696 1687 milis,
711 1612 830 1696 neque
844 1580 991 1682 elutus,
1009 1578 1152 1698 pietati
1183 1577 1423 1668 Christianae
1445 1577 1707 1684 consentiens,
1735 1583 1786 1668 oh
1811 1581 1961 1671 edrico

563 1706 675 1820 fristra
692 1700 866 1789 alienus.
1957 1717 1966 1762 ’-

572 1829 649 1913 Pro
665 1822 741 1906 hac
763 1818 899 1936 regula
917 1815 1198 1905 confirmanda
1215 1814 1312 1903 satis
1332 1841 1391 1904 est
1420 1816 1769 1919 animadvertere,
1786 1817 1967 1930 hymnos

575 1971 655 2028 esse
673 1936 855 2027 carmina
888 1938 932 2020 in
950 1934 1112 2019 laudem
1132 1932 1207 2020 Dei
1225 1994 1239 2035 ,
1274 1962 1321 2019 ac
1337 1934 1509 2050 proinde
1526 1935 1629 2046 stylo
1645 1936 1840 2053 poetico,
1872 1955 1966 2054 grai

569 2060 643 2160 vi,
673 2083 749 2157 er,
780 2079 903 2170 prout
948 2080 1009 2138 res
1041 2051 1341 2170 postulaverit,
1373 2047 1581 2157 sublimi,
1615 2083 1769 2171 semper
1800 2054 1962 2160 nitido,

574 2203 796 2290 nunquam
811 2171 966 2284 abjecto
979 2198 1059 2257 esse
1074 2170 1540 2288 componendosCujus
1562 2172 1617 2259 rei
1630 2174 1861 2292 exemplum
1877 2202 1966 2262 rur·

570 2325 640 2383 sus
658 2294 700 2378 in
720 2291 892 2380 Davidis
907 2289 1068 2411 psalmis
1082 2288 1196 2376 facile
1211 2314 1269 2377 est
1284 2289 1475 2405 reperire.
1497 2288 1775 2410 Deripiuntur
1789 2291 1963 2411 quippe,

569 2413 680 2530 siqui
712 2433 890 2527 putant,
925 2409 1051 2495 satius
1065 2417 1146 2496 esse
1164 2407 1208 2493 in
1224 2406 1367 2494 officiis
1390 2409 1540 2498 divinis
1555 2409 1688 2500 verbis
1711 2410 1963 2513 humilibus,

576 2563 623 2622 ac
643 2557 824 2618 sermone
841 2589 855 2628 ,
871 2527 944 2643 qui
973 2551 1084 2643 repat
1097 2525 1244 2627 humi,
1277 2525 1516 2616 immortales
1542 2527 1618 2615 Dei
1634 2528 1775 2617 laudes
1789 2559 1961 2632 canere,

571 2680 698 2767 quam
714 2644 816 2734 tanti
848 2643 1075 2761 argumenti
1098 2643 1334 2761 gravitatem
1364 2646 1469 2758 stylo
1486 2647 1540 2734 rei
1557 2646 1759 2763 cujusque
1790 2647 1961 2766 proprio

571 2764 757 2889 persequi
776 2823 788 2847 .
819 2766 905 2849 Nec
924 2787 1132 2880 propterea
1165 2761 1350 2850 flosculos
1367 2766 1545 2880 poeticos
1562 2764 1750 2877 undique
1767 2789 1962 2882 captare,
2052 2793 2055 2798 ·

570 2914 610 2975 et
625 2883 860 2972 fabularum
878 2879 1138 2967 deliramenta
1154 2882 1332 2968 intexere
1348 2881 1579 3000 oportebit,
1614 2880 1733 2992 quod
1747 2882 1791 2966 in
1815 2883 1962 2969 carmi-

572 3038 623 3093 ne
638 3032 753 3092 sacro
772 3003 942 3090 maxime
954 2999 1149 3088 dedecet.
1182 2998 1368 3088 Nimium
1383 3001 1503 3088 etiam
1518 3000 1765 3105 delicatum,
1795 3029 1841 3089 ac
1856 3002 1963 3089 mol·

571 3125 604 3210 le
616 3149 674 3209 est
700 3123 923 3239 exemplum
938 3120 1029 3207 Lasi
1057 3120 1384 3220 Hermionensis,
1400 3122 1473 3237 qui
1491 3120 1604 3237 apud
1614 3117 1962 3236 Athenaeum(r)

575 3246 629 3329 ab
647 3240 727 3325 oda
746 3301 760 3339 ‚
796 3266 834 3324 et
862 3240 1017 3350 hymno
1036 3238 1210 3327 litteram
1238 3241 1452 3358 Sprorsus
1467 3239 1629 3328 exulare
1645 3241 1806 3331 voluit.
1838 3241 1963 3327 Non-

573 3359 676 3447 nulli
694 3355 791 3442 odio
806 3358 914 3444 hanc
932 3355 1103 3441 litteram
1117 3357 1358 3475 prosequuti
1375 3383 1498 3460 sunt,
1528 3387 1697 3472 eamque
1714 3359 1851 3477 potius
1867 3359 1970 3448 tibi·
1995 3383 2000 3406 ··

572 3479 672 3582 lum,
687 3503 813 3592 quam
829 3474 998 3565 litteram
1015 3505 1095 3563 esse
1113 3473 1397 3579 affirmabaot;
1431 3505 1477 3564 ac
1493 3476 1694 3562 Pindarus
1709 3477 1833 3564 odam
1849 3475 1967 3595 orig--

569 3628 660 3685 mon
689 3622 901 3712 propterea
927 3593 1182 3712 composuit.
1214 3595 1402 3684 Ridicula
1425 3622 1525 3685 ester
1556 3593 1792 3711 hujusmodi
1809 3593 1852 3678 in
1876 3596 1960 3702 hy-

571 3716 676 3805 mnis
692 3713 960 3802 ecclesiasticis
976 3711 1180 3832 diligentia
1198 3774 1210 3797 .
1246 3718 1367 3805 Recte
1395 3713 1656 3805 Correctoree
1689 3712 1864 3803 Romani
1881 3715 1969 3802 sub'·

571 3838 745 3925 Urbano
761 3835 871 3919 Vlll.
887 3833 930 3918 in
944 3833 1195 3949 praefatione
1213 3831 1531 3944 de‘hymoorum
1546 3832 1647 3944 stylo
1663 3830 1960 3951 pronunciant:

463 4003 466 4009 ·
574 3953 739 4040 Divinos
752 3953 852 4036 enim
870 3952 1003 4036 laudes
1019 3952 1247 4065 ,inquiunt
1262 4015 1277 4054 ,
1292 3953 1328 4041 si
1341 3984 1418 4042 noo
1436 3949 1763 4062 omoriflorillur,
1779 3979 1878 4039 cerre
1892 3947 1969 4039 ¹de-¹

575 4070 676 4159 renti
688 4069 793 4154 cultu
804 4097 931 4155 curere
945 4099 1023 4155 noo
1036 4069 1236 4154 conuertit.
1267 4074 1319 4159 Et
1334 4071 1555 4158 Zacharias
1571 4070 1772 4159 Ferrerius
1788 4070 1831 4155 in
1851 4101 1965 4190 prae·

578 4188 735 4276 latione
754 4186 809 4272 ad
827 4188 1031 4295 hymnos.
1060 4189 1163 4272 Sorte
1178 4188 1213 4274 ri
1228 4191 1308 4276 Dei
1331 4190 1707 4281 Maximi-summurn
1724 4189 1828 4278 illum
1839 4191 1969 4305 maje-
2073 4231 2076 4237 ·

584 4327 720 4397 statem
753 4305 868 4392 rectit
880 4366 895 4405 ,
908 4306 1160 4425 congruisque
1173 4308 1349 4397 liudidus
1362 4309 1529 4396 attollere
1537 4309 1745 4427 possumus
1761 4368 1776 4412 ,
1793 4339 1863 4400 cur
1875 4314 1969 4397 hur-

585 4426 717 4529 bnris,
748 4422 1217 4542 ineprisquemtollrrrnus‘l
1411 4433 1413 4438 ’
1704 4460 1707 4466 ·
1961 4433 1969 4490 ’-

647 4574 742 4660 199.
777 4544 898 4632 Nitor
915 4541 958 4625 in
978 4541 1171 4656 hymnis,
1202 4541 1493 4661 perspicuitas,
1527 4549 1746 4665 etquidem
1764 4542 1881 4660 quasi
1898 4567 1971 4627 sas

582 4691 657 4781 por
672 4664 957 4752 ecclesiasticus
972 4665 1015 4748 in
1029 4661 1264 4762 sententiis,
1290 4689 1329 4749 et
1346 4693 1653 4785 nonnunquam
1670 4669 1711 4751 in
1730 4664 1822 4781 ipris
1833 4656 1969 4751 verbis

584 4782 637 4870 th
652 4781 820 4898 hujusce
852 4782 909 4869 rei
924 4781 1191 4898 'peritioribus
1214 4779 1406 4870 laudatur
1423 4843 1446 4869 ..
1468 4787 1700 4875 Graocolas-
1719 4782 1799 4900 (α)
1819 4777 1870 4863 de
1888 4769 1972 4889 hy..

529 5083 537 5110 .
640 5041 694 5141 (t)
722 5038 860 5112 lihto-
878 5040 941 5111 sub
958 5041 1071 5113 finem.
1120 5051 1176 5139 (ι)
1203 5033 1499 5120 commentum.
1518 5039 1551 5114 in
1565 5037 1670 5114 Brev.
1685 5040 1824 5137 cap.28.
1849 5035 1966 5130 libo»¹
