5084 6234
835 839 1477 933 sccnnsrnsrrcrs
1786 839 1868 965 1⁶,

465 1004 507 1066 se
522 1003 732 1100 comparat
765 983 936 1089 artifici,
966 987 1039 1103 qui
1057 987 1207 1074 vitrum
1224 984 1392 1073 flexibile
1412 982 1639 1071 reddiderat
1660 1011 1672 1068 t
1694 1040 1724 1084 „
1753 986 1877 1069 Nam·

468 1159 496 1199 „
526 1103 558 1187 si
584 1104 666 1204 illi,
693 1101 781 1201 ait,
810 1133 883 1220 pro
900 1107 984 1192 suis
1009 1104 1123 1221 apud
1160 1104 1389 1189 Dominum
1421 1102 1668 1191 devotissime
1704 1103 1871 1189 interce·

465 1273 496 1319 ω
530 1225 638 1308 dunt
653 1221 879 1331 magistris,
908 1227 981 1339 qui
999 1228 1194 1310 hactenus
1229 1226 1282 1310 ab
1298 1226 1353 1310 eis
1368 1223 1437 1310 vix
1453 1221 1652 1308 decennio
1667 1217 1865 1309 cantandi

467 1391 498 1438 ,‚
528 1340 1019 1459 imperfectamscientiam
1036 1342 1231 1457 consequi
1248 1366 1502 1461 potuerunt,
1532 1341 1632 1457 quid
1651 1368 1770 1458 putas
1788 1369 1869 1426 no-

467 1509 498 1558 „
529 1461 589 1550 bis
604 1489 678 1580 pro
693 1462 839 1547 nostris
870 1460 1129 1578 adjutoribus
1159 1462 1257 1564 fiet,
1286 1460 1363 1573 qui
1378 1462 1517 1546 annali
1552 1461 1710 1578 spatio,
1738 1453 1867 1548 autsi

466 1632 497 1676 „
527 1584 704 1668 multum
721 1579 890 1665 biennio
904 1581 1127 1694 perfectum
1140 1608 1351 1669 cantorem
1380 1578 1634 1665 efficimus..
1659 1639 1669 1661 .
1706 1575 1869 1667 Interim

465 1752 497 1804 ‚s
528 1698 600 1787 tibi
615 1698 664 1783 de
686 1696 937 1787 inveniendo
967 1699 1108 1817 ignoto
1126 1728 1252 1788 cantu
1270 1699 1470 1817 optimum
1502 1698 1632 1815 dirigo
1647 1726 1869 1814 argumen-

462 1871 496 1914 ,‚
528 1840 646 1918 tum,
681 1842 813 1933 nuper
829 1817 948 1906 nobis
978 1850 1002 1904 a
1020 1821 1203 1906 Domino
1220 1820 1393 1922 datum,
1425 1845 1466 1907 et
1488 1815 1745 1904 utilissimum
1761 1848 1872 1906 com·

467 1989 497 2032 „
524 1938 744 2053 probatum
763 1997 819 2039 „.
854 1939 907 2025 Et
924 1939 966 2023 in
986 1938 1105 2027 altera
1123 1937 1324 2057 epistola,
1353 1968 1437 2052 qua
1470 1935 1712 2022 Theodaldo
1729 1938 1872 2026 Areti-

468 2076 525 2162 no
543 2054 744 2175 Episcopo
759 2084 884 2141 suum
901 2057 1175 2174 Micrologum
1208 2056 1327 2144 mittit
1346 2086 1360 2141 c
1377 2120 1409 2160 „
1438 2051 1577 2143 Offero
1594 2053 1880 2147 solertissimae·

467 2224 499 2270 „
527 2175 756 2377 paternitati
776 2200 872 2261 tuae
888 2175 1064 2263 musicae
1081 2176 1177 2266 artis
1205 2175 1397 2294 regulas,
1422 2198 1580 2288 quanto
1596 2171 1804 2277 lucidius,
1829 2200 1881 2270 eti

467 2302 506 2389 „'
523 2371 527 2377 ,
556 2291 686 2391 revius
703 2296 852 2409 potui,
876 2294 1120 2412 explicatas,
1139 2294 1476 2414 philosophorum
1493 2318 1627 2403 neque
1643 2293 1784 2378 eadem
1799 2293 1879 2385 via*

466 2464 505 2527 „¹
528 2408 795 2525 adplenum,
823 2442 955 2529 neque
974 2443 1119 2501 eorum
1134 2413 1357 2501 insistendo
1373 2411 1550 2530 vestigiis
1564 2470 1620 2512 „.
1649 2410 1701 2495 Et
1717 2410 1870 2522 ibidem

338 2616 342 2623 ,
472 2521 689 2615 inventum
705 2562 829 2619 suum
845 2536 956 2622 caelo
981 2534 1192 2654 inceptum
1208 2532 1327 2621 refert
1344 2568 1356 2618 z
1373 2530 1549 2646 „Coepi
1573 2528 1663 2644 jure
1695 2530 1872 2647 cogitare

469 2697 501 2746 „
531 2643 650 2734 aliam
664 2652 871 2740 Musicam
888 2656 1025 2753 Pueris
1041 2652 1227 2739 tradere.
1255 2650 1445 2738 Tandem
1478 2644 1595 2735 affuit
1625 2644 1766 2733 divina
1783 2677 1882 2767 grae

465 2767 503 2865 „'
523 2764 578 2849 ria
598 2796 612 2868 ;
645 2796 684 2858 et
700 2772 872 2886 quidam
889 2802 1031 2861 eorum
1052 2771 1283 2860 imitatione
1297 2769 1444 2858 cordae
1459 2767 1562 2885 (sic)
1585 2790 1624 2853 et
1639 2790 1883 2855 nostrarum·¹

463 2937 496 2985 2,
524 2907 716 2977 notarum
732 2921 814 2977 usu
831 2892 1038 2983 exercitati
1057 2919 1152 2979 ante
1179 2891 1309 2976 unius
1323 2886 1476 2977 mensis
1489 2884 1666 3003 spatium
1696 2913 1868 2988 versus,

465 3026 563 3104 „et
596 3004 806 3097 inauditos
853 3038 1001 3099 cantus
1041 3010 1175 3127 primo
1207 3009 1363 3096 intuitu
1407 3005 1689 3093 indubitanter
1721 3030 1872 3091 canta·

458 3122 565 3209 'bant
578 3183 635 3225 „.
676 3129 937 3247 sigebertus,
958 3130 1032 3245 qui
1049 3130 1191 3216 eodem
1204 3127 1340 3215 seculo
1354 3123 1524 3229 floruit,
1554 3119 1768 3237 aliquanto
1783 3120 1879 3244 clu-y·

462 3238 548 3325 tius
562 3239 741 3358 loquitur
756 3248 971 3364 (r).Guido
987 3249 1172 3337 Arctinus
1185 3249 1397 3333 manardus
1407 3269 1498 3361 post
1510 3271 1645 3331 omncs
1652 3270 1752 3357 pene
1769 3244 1874 3331 Mu·¹

464 3356 563 3445 sicus
593 3360 633 3447 ia
650 3367 821 3454 Ecclesia
847 3368 1012 3470 claruit,
1042 3365 1083 3453 ia
1102 3369 1175 3455 lroc
1196 3366 1395 3484 prioribus
1424 3359 1726 3478 praeferendus,
1760 3363 1871 3475 quod

463 3474 768 3594 ignotescantue
790 3486 908 3574 etiam
918 3490 1034 3605 pueri
1045 3552 1061 3589 ,
1090 3508 1128 3575 et
1138 3488 1289 3603 puellae
1310 3482 1474 3597 facilius
1493 3481 1681 3574 discant,
1721 3498 1760 3562 et
1787 3476 1876 3564 dae

461 3622 618 3685 ceantur
639 3603 865 3721 pertinere
895 3609 1030 3709 ulam,
1059 3637 1175 3723 quam
1194 3634 1268 3721 per
1291 3633 1419 3689 vocem
1451 3596 1677 3719 Magistri,
1702 3621 1776 3681 aut
1786 3621 1879 3712 per*

462 3714 586 3803 visum
599 3723 735 3841 (aliter
750 3637 1064 3841 usuminlicnjus
1082 3722 1357 3821 instrumenti,
1381 3719 1587 3805 dummodo
1600 3744 1674 3802 sca·
1694 3713 1863 3815 litteris,

461 3836 520 3921 vel
534 3840 684 3954 syllabis
700 3844 922 3932 modulatim
946 3843 1129 3962 appositis
1159 3845 1216 3928 ad
1226 3872 1299 3928 sex
1313 3866 1448 3941 voces,
1461 3865 1557 3953 quas
1584 3834 1664 3921 sula
1694 3829 1860 3922 Musica

459 3956 620 4069 recipit,
645 3964 778 4080 lisque
794 3965 948 4051 uocibus
958 3995 1030 4082 per
1042 3962 1225 4074 flexuras
1237 3959 1446 4081 digitorum
1475 3953 1606 4041 laeuae
1630 3980 1770 4037 manus
1792 3949 1889 4052 di·-.·v

458 4069 621 4164 stinctae
637 4114 712 4199 per
736 4082 934 4199 integrum
962 4084 1149 4201 diapason
1172 4110 1214 4167 re
1238 4079 1397 4189 oculis,
1427 4094 1467 4162 et
1492 4072 1655 4160 auribus
1673 4068 1874 4190 ingerunt.

456 4188 655 4300 intentae,
682 4228 720 4287 et
749 4205 931 4290 remissae
958 4200 1211 4301 elevationes,
1233 4199 1295 4288 val
1326 4192 1601 4314 dispositioncs
1634 4190 1856 4278 earumdem

457 4336 594 4397 vocum
627 4375 638 4400 .
680 4320 754 4407 llis
786 4320 926 4436 objicit
953 4322 1126 4438 Arreaga
1156 4314 1365 4404 Guidonis
1390 4316 1514 4405 verba
1541 4307 1875 4427 ercMicrologoe·

460 4429 728 4520 Notaeaurem
760 4434 802 4521 ia
816 4438 1094 4529 Monacdordio
1118 4441 1191 4523 dae
1206 4456 1324 4525 sunt.
1353 4434 1400 4520 la
1422 4433 1561 4554 primis
1591 4434 1624 4515 Γ
1664 4426 1851 4560 Graecum

459 4553 694 4642 amaternis
716 4554 940 4669 atiJ‘uncturn
968 4622 978 4643 .
1014 4560 1113 4645 Non
1142 4557 1318 4644 declarat
1329 4581 1497 4654 tamen,
1532 4579 1585 4634 an
1603 4546 1765 4661 ipsemet
1779 4542 1860 4631 Mt·

462 4669 671 4786 erologum
686 4673 846 4791 legerit,
877 4706 930 4762 an
950 4677 1103 4767 ab'afio
1115 4675 1307 4794 scriptore
1325 4675 1436 4758 hunc
1469 4670 1609 4758 locum
1623 4659 1746 4749 fuerit
1763 4685 1869 4748 mu-'

461 4806 631 4898 tuatim
660 4821 757 4881 uam
771 4795 870 4883 liber
913 4796 1164 4916 Micrologus
1197 4796 1401 4882 hactenus
1434 4786 1618 4908 ineditus
1641 4804 1730 4889 ert,
1759 4777 1865 4871 etin

471 5013 482 5132 ss
506 5052 578 5158 Ι(1)
601 5050 995 5156 Descriptor.Eccles.
1013 5078 1089 5158 cap·
1106 5072 1191 5156 154·
1251 5127 1254 5135 ,
1286 5134 1294 5149 ,
