5084 6234
1858 832 2946 925 HISPANICA

3640 865 3822 953 27⁷

1029 979 1121 1066 Ῑη
1179 979 1433 1063 eodem
1454 973 1685 1115 ‘festo
1749 979 1836 1061 S.
1854 976 2147 1062 -Isidori
2201 976 2306 1060 H
2273 1003 2612 1091 ,χιιιιιιιε
2633 964 2876 1090 officii·
2889 973 3395 1103 ffspalensis
3474 984 3807 1070 numeris

1270 1095 1583 1183 musiczs
1640 1098 2267 1185 accommodatus
2283 1095 2480 1212 (a).

1027 1330 1164 1419 Aa
1209 1288 1860 1475 vesp.=Gentis
1920 1338 2365 1453 Hispanae
2398 1342 2690 1443 Pater,
2745 1367 2986 1455 atque
3057 1344 3424 1480 Doctor,

1509 1460 1785 1575 Digna
1852 1454 2235 1574 praeclari
2302 1458 2612 1547 soboles
2676 1463 3011 1559 Severi,

1506 1576 1780 1694 Digne
1842 1574 2251 1677 Leandri,
2313 1578 2746 1695 similisque
2806 1589 3088 1668 sancta

1871 1692 2150 1778 Indole
2203 1693 2500 1783 frater.

1491 1816 1742 1898 Dum
1811 1836 1995 1898 tuas
2061 1839 2296 1901 curat
2353 1844 2586 1901 soror
2648 1813 2857 1899 alma
2925 1843 3248 1918 cunas,

1375 1959 1451 2015 1.
1520 1930 1761 2020 Lucis
1827 1958 2165 2016 examen
2229 1934 2563 2021 veniens
2630 1936 2734 2021 ab
2784 1963 2989 2020 aura
3123 1947 3130 1954 '

1520 2050 1757 2137 Vidit
1818 2047 2153 2136 infantis
2203 2051 2480 2139 nitidis
2537 2053 2847 2168 liquare

1866 2169 2110 2254 Mella
2177 2169 2527 2258 labellis.

1513 2285 1775 2372 Dulce
1807 2286 2151 2371 facundi
2214 2287 2375 2373 fuit
2437 2290 2595 2373 hoc
2659 2288 2949 2404 leporis
3012 2352 3039 2389 ‚

1511 2406 1791 2520 Atque
1857 2402 2272 2490 doctrinae
2333 2406 2735 2522 specimen
2798 2423 3264 2521 supernae,

1514 2524 1713 2639 Qua
1777 2521 1954 2638 pios
2009 2522 2333 2640 pascis,
2395 2524 2890 2641 stimulisque
2960 2550 3231 2612 sontes

1881 2641 2187 2759 Pungis
2240 2644 2550 2733 acutis.

1525 2761 1829 2896 Pungis
1893 2761 2288 2847 infectum
2338 2793 2596 2880 genus
2660 2761 3066 2848 Arrianae

1521 2880 1763 2969 Pestis
1814 2879 2113 2968 ultores
2177 2881 2628 2971 minitantis
2693 2882 2977 2999 ignes:

1527 3006 1701 3086 Nec
1768 3000 2000 3083 furor
2063 3004 2374 3130 Regum
2424 3001 2747 3114 juvenis
2807 2999 3092 3086 resistit

1888 3113 2261 3199 Fortibus
2324 3115 2601 3199 ausis.

1520 3229 1843 3321 Praesul
1906 3231 2298 3317 instauras
2365 3231 2552 3317 fidei
2606 3230 3175 3351 triumphum,

1524 3352 1881 3439 Perfidos
1944 3348 2116 3468 ejus
2180 3379 2513 3486 quoque
2584 3350 3024 3473 perduelles

1527 3472 1750 3560 Pellis
1817 3469 2194 3585 Hispanis
2249 3469 2590 3589 pavidos
2656 3475 2759 3558 ab
2821 3474 2984 3559 oris

1885 3587 2252 3675 Fulmine
2315 3591 2711 3707 linguae.

1154 3777 1251 3866 (a)
1309 3768 1674 3863 Quacum,
1733 3794 1808 3846 ut
1870 3776 2061 3847 vides
2099 3825 2121 3859 ‚
2184 3777 2246 3846 in
2281 3778 2384 3847 his

1056 3866 1272 3947 tribus
1337 3871 1605 3964 hymnis
1670 3890 1823 3942 sunt
1882 3897 2115 3945 versus
2152 3899 2384 3967 ,quos

1058 3971 1438 4060 euphoniae
1507 3970 1722 4060 gratia
1787 3973 2106 4043 mutavi.

1063 4087 1094 4139 1
1106 4107 1130 4134 .
1162 4069 1408 4138 Lucida
1428 4090 1697 4140 examen
1713 4074 1985 4142 veniens
2001 4071 2086 4142 ab
2101 4072 2336 4143 aethra
2350 4122 2371 4143 .

1062 4186 1131 4235 ι.
1162 4174 1315 4234 Esto
1370 4169 1457 4235 ad
1506 4185 1842 4242 aeternam
1876 4173 2181 4243 Triadem
2225 4190 2385 4268 pre-

1256 4284 1540 4338 camur.

1062 4381 1131 4462 3.
1157 4369 1434 4456 ‘Paxque
1472 4381 1618 4435 cum
1673 4383 1900 4438 sancta
1927 4366 2268 4463 probitate
2299 4386 2365 4441 et

1256 4459 1455 4554 aequi

1061 4583 1135 4654 4.
1336 4565 1533 4628 Fama
1560 4573 1826 4629 vetusta
1861 4576 2010 4635 est.

1063 4660 1244 4733 Nam
1310 4658 1494 4748 quod
1563 4656 1626 4727 in
1687 4677 1917 4748 quarta
1977 4666 2255 4757 stropha
2308 4664 2390 4734 ad

1069 4755 1476 4831 matutinum
1539 4754 1758 4847 prima
1824 4756 2081 4849 syllaba
2146 4784 2211 4831 ιιι
2273 4762 2396 4831 Ist‘-

1067 4855 1224 4925 dore
1252 4856 1650 4944 producitur
1686 4873 1952 4938 contra,
1991 4880 2187 4950 quam
2223 4857 2394 4929 Ric-

1073 4951 1320 5024 eiolius
1349 5002 1372 5035 ,
1437 4954 1691 5044 aliique
1732 4958 2195 5043 praescribunt
2223 5003 2246 5039 ,
2293 4955 2398 5027 ni-

1072 5046 1170 5124 hil
1222 5073 1458 5125 moror
1497 5080 1518 5123 ι
1547 5070 1649 5127 est
1692 5077 1936 5128 nomen
1974 5052 2337 5154 proprium
2370 5103 2398 5142 2

2508 3777 2696 3867 quod
2758 3797 2846 3846 ex
2900 3776 3229 3846 sententia
3286 3772 3558 3854 Servii,
3615 3767 3829 3844 Nico-

2511 3871 2596 3943 lai
2662 3872 3007 3954 Ferretti,
3077 3871 3369 3966 Georgii
3435 3866 3631 3941 Valla
3689 3885 3817 3960 pro

2509 3971 2711 4043 libitu
2773 3971 3032 4061 corripi
3090 4020 3115 4053 ‚
3173 3994 3290 4041 seu
3352 3966 3639 4064 produci
3698 3987 3824 4057 po·
3937 4032 3946 4045 ,

2506 4087 2705 4141 test.
2768 4067 2945 4140 Mihi
3007 4069 3284 4159 quidem
3364 4090 3445 4139 ea
3496 4061 3829 4138 sententia

2519 4193 2653 4242 non
2713 4169 3097 4261 probatur,
3132 4166 3295 4238 nolo
3339 4184 3558 4239 tamen
3590 4178 3829 4236 aueto-

2523 4290 2629 4339 res
2713 4266 3098 4337 contrarios
3144 4265 3395 4337 erroris
3478 4281 3763 4356 arguere
3800 4303 3823 4328 .

2519 4366 2730 4458 Apud
2810 4386 3079 4436 veteres
3158 4364 3459 4437 Graecos
3498 4409 3524 4443 ,
3573 4376 3642 4428 et
3704 4356 3833 4426 La-

2521 4466 2698 4536 tinos
2742 4463 2807 4535 in
2853 4465 3147 4534 Isidorus
3204 4458 3587 4550 exemplum
3618 4475 3835 4548 quan-

2517 4562 2727 4636 titatis
2761 4585 2888 4633 non
2925 4558 3197 4649 reperi.
3231 4559 3294 4628 in
3329 4567 3647 4627 Isocrates
3676 4551 3831 4622 bre-

2515 4685 2600 4734 ve
2633 4678 2733 4731 est
2763 4661 2791 4728 ι’
2816 4706 2839 4739 ,
2874 4659 2937 4729 ῐιι
2966 4658 3206 4727 Isidius
3238 4659 3532 4747 primum
3577 4652 3604 4720 ἰ
3649 4646 3833 4742 pari-

2514 4776 2625 4831 ter
2677 4754 3062 4849 corripitur
3111 4754 3195 4824 ab
3255 4748 3523 4826 ovidio
3558 4752 3636 4820 t‘n-
3655 4744 3830 4819 Ibt'tt·

2516 4857 2656 4929 Alii
2724 4861 2792 4929 in
2848 4857 3140 4945 fridunis
3200 4849 3549 4945 primumi
3581 4849 3833 4941 prudn-

2520 4973 2676 5029 tent
2708 5005 2732 5037 ,
2768 4973 2840 5025 et
2868 4977 2908 5045 ς
2992 4965 3112 5037 m
3232 4953 3364 5025 iam

2516 5057 2692 5129 Isis*
