5084 6234
690 824 747 914 50
1059 807 1065 874 ζ
1121 782 1227 870 DE
1287 788 1329 872 H
1359 788 1391 869 ll
1419 783 1537 872 MN
1565 789 1583 873 l
1614 790 1641 874 S

688 958 729 1020 et
746 926 909 1017 alternis
925 924 1012 1010 duo
1026 921 1140 1010 chori
1157 925 1419 1027 concinunt,
1450 954 1566 1014 nunc
1599 957 1710 1014 unus
1725 929 1878 1048 primus
1904 958 2071 1039 cantat,

689 1049 808 1167 quod
826 1068 1014 1165 repetunt
1032 1041 1127 1143 alii,
1142 1073 1189 1152 ac
1205 1044 1371 1132 demum
1385 1074 1693 1161 nonnunquam
1710 1052 1885 1166 populus
1901 1053 2075 1142 univer-

689 1201 760 1260 sus
776 1195 952 1258 extrema
969 1160 1149 1249 clausula
1168 1165 1407 1280 respondet,
1423 1190 1638 1280 postquam
1657 1170 1850 1256 Sacerdos
1864 1171 2076 1258 continen-
2181 1252 2188 1264 .

690 1318 773 1380 rem
789 1285 1043 1385 orationem,
1061 1281 1123 1366 vel
1135 1282 1241 1397 quid
1253 1280 1379 1375 simile
1394 1285 1689 1399 pronunciavit
1703 1288 1773 1404 (o)
1795 1350 1806 1373 .

752 1408 822 1495 60.
854 1407 939 1494 Sed
953 1401 1050 1489 olim
1066 1431 1152 1488 non
1164 1428 1305 1488 omnes
1321 1401 1364 1488 hi
1381 1400 1480 1517 ritus
1495 1401 1539 1487 in
1554 1404 1940 1493 omnibusEcclesiis
1957 1407 2075 1493 simul

691 1527 1045 1624 observabantur,
1062 1551 1159 1610 curn
1175 1518 1275 1606 alios
1292 1520 1390 1607 aliae
1406 1520 1685 1637 praeferrent,
1713 1523 1852 1638 eisque
1868 1523 1961 1611 solis
1976 1525 2076 1611 insi·

688 1631 873 1736 sterent.
907 1647 971 1731 Ac
987 1638 1213 1728 modulatio
1236 1640 1406 1753 quidem
1429 1639 1607 1757 exigua,
1638 1669 1713 1728 aut
1746 1642 1865 1757 plane
1885 1644 1995 1726 nulla
2032 1644 2076 1729 in

687 1765 825 1860 multis
842 1760 1025 1852 Ecclesiis
1043 1759 1160 1845 initio
1176 1762 1453 1875 personabat,
1484 1787 1581 1846 curn
1594 1760 1807 1849 saevientis
1826 1762 2079 1877 persecutio·

689 1885 753 1990 nis
769 1910 882 1986 metu
890 1883 1054 1971 latentes
1072 1875 1300 1963 Christiani
1319 1907 1451 1992 neque
1469 1875 1636 1981 locum,
1665 1908 1797 1995 neque
1814 1877 1945 1964 orium
1972 1889 2077 1966 con‘-

689 2007 830 2106 ¹centui
862 2004 1021 2089 musico
1050 1998 1249 2082 idoneum
1280 2022 1441 2113 possent
1473 1998 1651 2085 nancisci
1683 2063 1697 2101 ,
1728 1999 2077 2113 quemadmodum

686 2125 949 2220 observatum
970 2116 1125 2231 reperio
1151 2118 1233 2200 aS.
1256 2114 1493 2235 Augustino
1507 2117 1581 2232 (1)
1599 2148 1611 2202 r
1643 2116 1909 2230 „Numquid
1935 2116 2076 2218 enirn,

686 2301 718 2343 „
749 2242 920 2356 quando
935 2236 1149 2352 fugiebant
1164 2232 1392 2324 Christiani
1407 2238 1740 2352 persequentibus
1763 2235 1935 2322 inimicis
1947 2235 2078 2320 idolo-

687 2421 715 2465 ,‚
748 2359 853 2445 lattis
869 2358 1021 2444 fiebant
1036 2351 1424 2469 congregationes,et
1439 2351 1733 2467 jubilationes?
1748 2352 1971 2468 Numquid
1985 2382 2079 2438 con·

688 2540 718 2583 ,‚
750 2476 993 2564 cinebantur
1009 2471 1153 2586 hymni
1171 2471 1220 2554 de
1236 2471 1419 2558 Ecclesiis
1435 2471 1543 2574 Dei,
1561 2474 1634 2588 qui
1650 2474 1779 2562 solent
1797 2471 1841 2557 in
1862 2502 1960 2588 pace
1976 2502 2078 2557 con-

687 2658 717 2702 „
748 2594 858 2695 cini,
885 2592 1075 2705 dulcique
1094 2616 1296 2676 concentu
1315 2589 1578 2678 fraternitatis
1596 2594 1676 2680 Dei
1696 2591 1866 2679 auribus
1882 2620 2081 2706 persona-

686 2775 717 2816 „
747 2710 781 2796 ri
799 2710 866 2806 „2
886 2710 1050 2823 Quarto
1066 2708 1187 2825 igitur
1209 2708 1351 2792 seculo
1384 2708 1428 2794 in
1446 2709 1612 2797 Oriente
1629 2713 1835 2828 primurn,
1869 2708 2016 2794 deinde
2033 2709 2078 2795 in

689 2828 912 2918 Occidente
929 2826 1100 2915 melodia
1125 2824 1418 2931 ecclesiastica,
1444 2858 1622 2944 ususque
1639 2833 1892 2943 hymnorum
1910 2828 2079 2942 potissi·

689 2979 806 3040 mum
824 2945 1025 3040 invaluit.

686 3267 691 3276 ,
742 3194 795 3280 (a)
838 3185 957 3261 Alium
1002 3187 1146 3261 canendi
1178 3189 1361 3271 modum,
1410 3195 1486 3260 Ta.
1499 3190 1621 3285 μηδ.
1636 3188 1985 3282 edit.‘1’aris.t624.„
2002 3192 2082 3259 Tres

690 3309 792 3377 quem
822 3289 888 3377 'ego
903 3291 1062 3359 hactenus
1077 3308 1145 3356 non
1163 3287 1302 3367 audivi,
1328 3285 1361 3357 in
1410 3334 1436 3370 ,‚
1455 3289 1541 3357 enim
1561 3288 1661 3357 chori
1675 3305 1771 3360 erant
1788 3295 1818 3358 in
1838 3284 2081 3357 festivitatibus

685 3383 808 3457 funere
822 3382 856 3456 S.
870 3383 1042 3455 Macrinae
1057 3384 1192 3453 Sorotis
1211 3383 1269 3453 SS.
1287 3385 1355 3455 Ba·
1401 3399 1502 3481 „pro
1521 3386 1666 3481 triplicis
1679 3389 1810 3457 rarione
1827 3386 1975 3463 aetatis,
1992 3406 2081 3475 quo·

686 3483 753 3555 tilii
768 3530 778 3564 ,
793 3480 1005 3573 &Gregorii
1019 3480 1173 3574 Nysseni
1190 3480 1352 3553 usitatum
1404 3530 1431 3566 „
1447 3505 1520 3554 rum
1538 3482 1697 3577 princeps
1712 3506 1829 3554 senum
1843 3480 1890 3551 sic
1906 3482 2078 3558 canebat,

685 3580 870 3651 video.ln
899 3578 991 3651 illius
1006 3580 1086 3651 Vita
1111 3582 1146 3650 S.
1160 3579 1357 3673 Gregorius
1405 3581 1532 3665 „olim
1557 3585 1769 3667 iuventutem
1809 3602 1868 3649 nos
1904 3594 2076 3648 strenuam

669 3677 868 3774 „Nyssenus
901 3702 1064 3771 pompam
1098 3678 1277 3751 funebrem
1299 3681 1358 3751 de·
1404 3730 1431 3765 ,‚
1446 3682 1603 3776 egimus.
1633 3682 1701 3753 Cui
1735 3679 1961 3770 respondebat
1982 3673 2077 3744 viro·

686 3775 838 3849 scribens
852 3774 900 3848 ait
917 3827 942 3860 ‚,
956 3777 1059 3874 Quae
1076 3777 1218 3871 quidem
1229 3802 1357 3871 pompa
1404 3827 1431 3864 „
1450 3804 1524 3851 rum
1559 3798 1672 3852 aetate
1703 3780 1891 3874 vigentium
1923 3777 2076 3846 chorus.

688 3920 715 3957 „
729 3899 796 3944 non
832 3883 969 3947 carebat
999 3876 1167 3974 mysterio
1186 3924 1198 3959 ,
1228 3899 1307 3949 cunr
1336 3902 1355 3949 a
1405 3927 1429 3963 „
1446 3885 1556 3949 Fortes
1573 3902 1687 3949 sumas
1702 3902 1761 3950 nos
1774 3907 1783 3947 a
1797 3876 1898 3963 farai
1912 3870 2080 3967 nis‚ptrr'·

663 4049 667 4057 ,
686 4017 714 4054 ,,
728 3971 899 4065 principio
913 3975 955 4043 ad
982 3975 1084 4046 finem
1100 3998 1208 4067 usque
1233 3977 1356 4046 decan·
1405 4026 1430 4061 „
1445 3977 1583 4048 culum.
1612 3975 1747 4049 Tertius
1763 3977 1952 4046 Puerorum
1971 3986 2082 4042 canta·

688 4101 715 4155 ς,
730 4069 816 4142 tatio
849 4069 1059 4161 psalmorum
1087 4073 1207 4143 eadem
1237 4095 1325 4144 voce
1343 4121 1355 4156 ,
1405 4124 1430 4159 ,‚
1447 4079 1530 4147 bar.
1555 4079 1635 4166 Nor
1652 4077 1778 4146 erimus
1791 4073 1842 4144 his
1854 4070 2082 4170 praestantio-

687 4215 713 4254 „
728 4168 919 4263 triplicique
929 4171 1242 4245 canentiumndine
1252 4172 1359 4243 absol·
1412 4222 1439 4259 „
1454 4197 1505 4245 res
1518 4174 1669 4271 plurimo
1684 4222 1733 4257 ‚‚.

686 4282 867 4349 „veretur
884 4315 896 4336 .
928 4268 1035 4352 „Ubi
1049 4287 1118 4340 tres
1134 4271 1260 4341 choros
1274 4269 1363 4343 fuis·
1463 4284 1516 4364 (ι)
1544 4273 1644 4344 Tom.
1658 4301 1693 4370 4.
1721 4274 1804 4344 edit.
1818 4271 1945 4343 Venet.
1972 4287 2084 4361 17²9·

688 4386 724 4437 se
739 4363 895 4461 intelligo
910 4391 977 4439 non
992 4366 1089 4439 aliter
1102 4392 1142 4441 ae
1158 4367 1198 4438 de
1212 4372 1357 4441 Laconi·
1410 4370 1445 4444 in
1459 4370 1582 4470 psalm.
1595 4395 1656 4472 43.
1671 4372 1741 4447 col.
1758 4394 1843 4472 374.

689 4462 737 4536 tir
760 4465 927 4550 {astiteris
953 4464 1159 4542 Plutarchus
1189 4485 1358 4542 memorat
