5084 6234
668 790 854 912 xm'‘
1084 808 1619 898 onntnnw

664 1020 695 1063 „
725 959 858 1048 cultus
887 951 1139 1073 perturbatio
1171 979 1279 1039 erc..
1310 956 1430 1040 Hanc
1446 952 1642 1041 nimirum
1660 952 1808 1042 orandi
1820 957 2062 1046 varietatem

665 1139 695 1181 „
725 1077 952 1197 gravissime
969 1073 1105 1159 ferens
1121 1070 1187 1155 fel.
1203 1099 1322 1159 orem.
1343 1074 1494 1162 Paulus
1509 1081 1617 1193 Papa
1643 1100 1814 1192 quartus
1835 1080 2063 1168 emendare·¹

664 1263 692 1302 „
725 1217 991 1283 constituerat
1007 1253 1067 1295 „.
1156 1252 1163 1269 -
1508 1258 1510 1261 ψ
1778 1251 1780 1256 -
2055 1251 2059 1258 -

732 1344 875 1429 151.„
907 1315 1046 1428 ltaque
1077 1308 1310 1428 provisione
1342 1307 1556 1415 adhibita,
1587 1344 1638 1400 ne
1666 1313 1748 1400 ulla
1790 1311 2053 1433 inposterum
2095 1359 2097 1363 ¹

662 1501 693 1542 „
726 1435 825 1524 novi
842 1430 1027 1523 breviarii
1045 1430 1203 1516 licentia
1220 1431 1542 1548 permitteretur,
1569 1459 1696 1518 toram
1710 1434 1909 1519 rationem
1924 1433 2056 1520 dicen·

663 1622 694 1663 ‚,
727 1554 771 1641 di
803 1584 849 1640 ac
864 1550 1056 1670 psallendi
1072 1554 1207 1634 floras
1234 1548 1459 1637 canonicas
1487 1552 1541 1636 ad
1572 1552 1789 1667 pristinum
1807 1581 1990 1655 morem,
2016 1576 2059 1643 et

662 1742 691 1782 „
723 1673 955 1763 institutum
971 1667 1232 1805 redigendam
1255 1668 1465 1787 suscepit.
1500 1671 1580 1755 Sed
1608 1700 1659 1756 eo
1670 1696 1835 1789 postea,
1866 1672 2065 1759 nondum

664 1861 693 1901 „
723 1795 801 1895 iis,
820 1821 926 1907 quae
943 1817 1095 1907 egregie
1112 1788 1401 1883 inchoaverat,
1419 1788 1627 1903 perfectis,
1647 1792 1696 1876 de
1711 1788 1794 1879 vita
1811 1787 2066 1895 decedente,

663 1980 693 2021 „
725 1945 823 2001 curn
838 1939 862 1995 a
877 1910 967 2026 piae
984 1936 1102 1993 mem.
1119 1906 1189 1991 Pio
1206 1911 1313 2021 Papa
1328 1907 1782 2019 quartoTridentinum
1795 1908 2059 2015 Concilium,

663 2089 692 2138 „·
725 2060 843 2119 antea
871 2027 980 2111 varie
1015 2022 1318 2123 intermissum,
1347 2049 1590 2112 revocatum·
1611 2054 1741 2129 esset,
1770 2031 1904 2114 Patres
1929 2026 2062 2116 inille

663 2213 693 2257 „
724 2146 888 2237 salutari
903 2139 1187 2231 refirmatione
1201 2142 1254 2227 ab
1278 2142 1422 2228 eodem
1438 2142 1631 2234 Concilio
1658 2145 1879 2233 constituta
1895 2147 2062 2236 brevia·

668 2331 697 2375 „
729 2271 838 2356 tium
869 2294 920 2352 ex
938 2263 1063 2381 ipsius
1097 2259 1213 2345 Pauli
1230 2261 1366 2377 Papae
1398 2262 1553 2351 ratione
1582 2265 1656 2385 (o)
1682 2266 1886 2353 restituere
1912 2264 2063 2382 cogitaae¹

654 2435 692 2495 ·„
727 2412 858 2476 runt.
893 2386 1031 2499 ltaque
1063 2379 1269 2496 quidquid
1312 2382 1364 2468 ab
1395 2412 1446 2467 eo
1465 2384 1507 2467 in
1539 2416 1656 2473 sacro
1679 2413 1799 2502 opere
1823 2384 2062 2489 collectum,

547 2532 552 2546 “
661 2571 691 2615 „
724 2512 1057 2615 elaboratumque
1103 2499 1271 2600 fuerat,
1293 2568 1296 2574 .
1321 2498 1501 2589 Concilii
1540 2505 1725 2593 Patribus
1752 2503 2001 2588 Tridentum
2034 2534 2065 2589 a
2177 2529 2182 2538 ·

661 2692 690 2736 „
721 2625 928 2747 praedicto
952 2619 1023 2704 Pio
1044 2621 1154 2735 Papa
1183 2618 1346 2704 missum
1364 2648 1447 2708 est.
1486 2625 1566 2712 Ubi
1593 2654 1689 2713 cum
1718 2621 1847 2709 doctis
1867 2621 2063 2735 quibus-

663 2812 693 2851 ,‚
726 2749 849 2845 dam,
878 2766 915 2826 et
930 2737 1008 2856 piis
1022 2738 1118 2826 viris
1137 2767 1159 2821 a
1177 2736 1370 2824 Concilio
1381 2740 1524 2826 darum
1540 2771 1639 2829 esset
1658 2742 1898 2860 negotium,
1927 2766 1976 2827 ut
2004 2739 2066 2827 ad

664 2929 694 2971 „
727 2855 1216 2979 reliquamcogitationem
1230 2856 1422 2946 Breviorii
1433 2889 1600 2975 quoque
1616 2891 1758 2947 curam
1774 2858 2062 2977 adjungerent,

667 3050 698 3092 ‚,
730 2986 905 3072 instante
927 2978 1009 3099 jam
1024 2974 1285 3063 conclusione
1302 2975 1511 3080 Concilii,
1531 3003 1612 3066 rota
1624 3011 1683 3067 res
1699 2982 1753 3067 ad
1768 2977 2064 3078 auctoritatem,

666 3170 699 3212 ,‚
728 3100 1011 3222 judiciumque
1028 3096 1205 3183 Romani
1221 3095 1425 3184 pontificis
1441 3124 1491 3184 ex
1510 3102 1668 3186 decreto
1685 3099 1865 3216 ejusdem
1881 3098 2066 3185 Consilii

663 3290 695 3331 „
727 3222 855 3309 relatu·
866 3246 951 3307 est:
970 3216 1045 3329 qui
1065 3216 1138 3304 illis
1154 3216 1247 3333 ipsis
1264 3214 1453 3303 Patribus
1472 3218 1526 3302 ad
1542 3217 1586 3302 id
1602 3248 1755 3307 munus
1772 3218 1930 3308 delectis
1945 3280 1960 3323 ,
1975 3221 2068 3305 Ro*

665 3410 695 3451 „
727 3370 835 3428 mam
849 3336 1305 3452 vocatiqnonnullisque
1324 3334 1367 3417 in
1385 3338 1496 3423 Urbe
1514 3336 1671 3425 idoneis
1680 3338 1792 3426 Viris
1805 3339 1859 3425 ad
1873 3368 1969 3426 eum
1986 3368 2066 3425 nu«

666 3523 698 3573 ‚,
727 3491 884 3550 merum
918 3456 1121 3578 adjunctis
1152 3484 1235 3542 rem
1265 3452 1553 3574 perficiendam
1586 3457 1780 3547 curavit.
1803 3456 1975 3545 Verum
2010 3486 2065 3543 eo

721 3650 771 3736 (a)
797 3639 986 3715 G'rancolas
1014 3656 1235 3713 monumenta
1263 3636 1349 3712 alle·
1406 3637 1534 3708 cultum
1548 3641 1750 3737 pertinentia
1781 3636 2000 3710 aBrevieriis
2015 3656 2067 3705 re·

673 3763 758 3841 gat,
783 3742 966 3835 exquibus
995 3740 1121 3820 infert,
1146 3761 1266 3810 omnes
1294 3757 1347 3807 se·
1405 3737 1571 3807 secandae
1589 3752 1623 3808 et
1646 3736 1709 3809 itae
1728 3736 1873 3826 forsitan
1900 3737 1938 3809 de
1964 3753 2067 3804 cause

672 3843 807 3915 culares
838 3840 1030 3911 Potestat‘es
1067 3835 1346 3910 reformationem
1406 3843 1564 3906 Summus
1578 3836 1733 3923 Pontifex
1746 3834 1994 3931 Paulus,Papa
2007 3834 2068 3904 IV.

671 3936 836 4012 breviarii
851 3935 1344 4028 petivisse‚cotntnentar.Hist.
1402 3935 1437 4005 iu
1452 3935 1600 4006 animum
1615 3935 1794 4009 induxerat
1807 3942 1883 4011 erc.
1897 3931 1987 4003 Vide
2004 3930 2068 4004 Pe·

674 4034 865 4129 tib.1.cap.
885 4052 916 4118 5.
937 4034 1012 4105 Nec
1036 4034 1215 4105 dissentire
1242 4035 1345 4105 vide·
1403 4033 1538 4105 titiones
1564 4034 1753 4107 Oratorem
1778 4033 1967 4105 Caesareae
1999 4032 2073 4104 Mt·

676 4153 735 4210 tur
761 4129 966 4201 Benedictus
999 4132 1156 4205 Pontifex
1178 4132 1275 4205 xtV.
1304 4134 1344 4205 de
1405 4131 1534 4216 jesratis
1548 4143 1696 4201 ,Arnim
1713 4142 1885 4214 Actuunr,
1899 4147 1931 4203 et
1946 4131 2074 4204 Meme'·

676 4223 829 4313 beatifi,
855 4228 1136 4321 etennen.lib.4.
1157 4243 1195 4329 ps
1215 4255 1247 4301 2.
1272 4246 1347 4329 cap.
1409 4229 1549 4300 einliurn
1588 4226 1729 4300 concilii
1773 4231 2007 4316 Tridentini,
2036 4247 2072 4302 et

681 4342 878 4417 13.num.3.
892 4336 930 4395 ln
940 4328 1194 4423 Propositum,
1211 4330 1349 4423 inquit,
1413 4326 1599 4399 Claudium
1614 4326 1755 4423 Jolyum
1773 4331 1804 4403 in
1834 4329 2072 4404 Dissertatinne

673 4426 772 4517 facta
796 4423 950 4496 acaron
969 4431 1013 4497 V.
1036 4439 1211 4519 Augustae
1232 4429 1353 4499 Vinde·
1412 4429 1451 4500 de
1476 4424 1590 4498 verbis
1606 4430 1750 4499 vsuarn·
1778 4447 1897 4502 contra
1925 4443 2070 4522 ,assuerf

681 4526 925 4603 lirorumanno
946 4524 1051 4617 1548.
1067 4524 1190 4597 dieitur
1216 4523 1351 4599 brevia·
1409 4524 1557 4626 ptionem
1572 4528 1738 4622 Deiparne
1768 4554 1822 4602 eas
1846 4523 2073 4617 allegantem,

680 4625 770 4697 rium
787 4625 822 4692 in
835 4619 947 4707 formu
970 4638 1133 4720 precum,
1166 4639 1199 4695 et
1225 4626 1352 4697 oratio·
1412 4645 1445 4697 et
1459 4643 1662 4698 asserentem
1693 4642 1774 4725 pag.
1795 4627 1874 4715 138.
1893 4622 2075 4694 Ferdinan,

681 4744 761 4804 num
791 4716 834 4789 ab
870 4721 1016 4816 antiquis
1042 4723 1209 4795 Ecclesiae
1233 4725 1354 4794 Patri·
1411 4725 1492 4796 dum
1525 4722 1809 4817 Imperatorem»
1841 4739 1876 4792 et
1904 4716 2072 4793 Carolum

685 4815 1024 4902 bus,et1<ertorilus
1044 4822 1233 4905 traditam,
1258 4838 1359 4920 prae·
1420 4821 1581 4898 Franciae
1596 4822 1724 4919 Regem
1740 4817 1925 4901 breviarii,
1942 4836 1977 4889 et
1999 4818 2079 4890 mis·

684 4917 910 5018 scriptamque
940 4919 1155 5012 redigendum
1180 4944 1191 5005 ς
1221 4923 1361 5021 insuper
1418 4920 1496 4997 talis
1516 4918 1790 4997 reformationem
1812 4915 2001 5012 postulasse
2022 4941 2034 4988 t

687 5013 878 5118 apocrypha
891 5061 904 5099 ,
916 5018 1178 5113 parumquead
1192 5020 1357 5098 sincerum
1657 5087 1725 5124 ,m
1955 5117 1961 5124 ,
1991 5115 1993 5120 ,
2047 5085 2062 5127 2
