5084 6234
580 815 663 930 es4
998 814 1545 907 nunrmuts

577 986 667 1047 turn
684 959 739 1047 ob
755 956 833 1046 alia
852 1023 865 1063 ,
882 986 971 1049 tunt
983 964 1204 1078 praecipue
1213 963 1267 1047 ob
1284 961 1485 1077 singulare
1497 990 1602 1077 opus
1618 958 1778 1050 Pictoris
1791 960 1980 1054 Christi&

526 1147 531 1160 ,
573 1079 649 1164 ni.
683 1077 780 1193 Ejus
812 1082 1006 1196 opuscula
1041 1083 1197 1193 poetica
1216 1078 1458 1196 prodierunt
1489 1081 1658 1168 Matriti.
1679 1110 1793 1168 anno
1814 1112 1982 1198 rya9‚.·,t¹

578 1197 725 1285 edente
744 1200 786 1280 P.
799 1198 1008 1300 francisco
1024 1200 1073 1284 de
1092 1198 1348 1309 siban-qui
1366 1198 1469 1284 inter
1489 1198 1565 1283 alia
1584 1201 1682 1287 Mss.
1699 1229 1986 1288 monumentat

575 1316 748 1420 loannis
762 1315 915 1425 Ayalae
934 1317 1109 1405 recenset
1124 1320 1300 1435 primum
1319 1313 1445 1417 illud,
1473 1320 1575 1433 quod
1600 1318 1971 1433 hujusmodiinscri·

573 1436 735 1521 bendum
764 1457 844 1521 erat
864 1465 876 1519 t
896 1437 1037 1524 Praltes
1065 1436 1268 1555 egregius,
1292 1436 1382 1521 ‘siue
1399 1436 1446 1521 de
1477 1466 1579 1536 usu,
1611 1460 1650 1522 et
1679 1442 1801 1526 abusu
1830 1464 1976 1526 matun

573 1553 845 1648 ecclesiustici..
884 1555 1081 1643 Potuisset
1114 1582 1216 1642 certe
1237 1554 1419 1669 egregius
1465 1553 1560 1653 hic,
1588 1579 1629 1640 et
1645 1557 1832 1642 eruditus
1847 1583 1978 1674 poeta·⁸

575 1673 753 1783 hymnos
768 1672 891 1760 officii
909 1673 1118 1790 Hispanici
1138 1674 1193 1759 ad
1210 1697 1379 1760 cantum
1403 1670 1554 1772 simul,
1589 1696 1630 1758 et
1659 1676 1713 1759 ad
1728 1674 1979 1766 latinitatem

575 1791 783 1908 redigere,
809 1793 879 1882 sed
912 1793 953 1878 in
977 1793 1110 1903 lyricis
1127 1790 1408 1891 carminibus,
1441 1818 1547 1904 quae
1566 1793 1792 1909 composuit
1806 1797 1853 1878 de
1869 1796 1903 1882 C
1901 1825 1976 1881 on·

572 1912 744 2025 ceptione
759 1914 804 1995 B.
826 1916 892 1999 M.
910 1912 1119 2033 Virginis,
1150 1912 1196 1993 de
1219 1912 1265 1993 S.
1287 1910 1407 1996 Paulo
1426 1911 1640 2025 Apostole,
1669 1915 1717 1997 de
1748 1909 1979 1999 certamin-..-

572 2030 646 2115 bus
677 2034 924 2147 Martyrum,
950 2036 998 2117 de
1025 2026 1295 2118 certaminibus
1324 2029 1358 2115 C
1355 2025 1628 2141 oufessorum,
1663 2059 1701 2117 et
1730 2028 1970 2149 Virginurn,¹

576 2147 809 2248 nitorem,et
839 2148 1076 2265 elegantiam
1092 2171 1290 2261 sequutus
1307 2173 1396 2249 est,
1423 2146 1705 2237 ecclesiasticae
1739 2176 1970 2236 consuetu·

574 2265 666 2351 dini
683 2296 768 2352 non
783 2270 1012 2357 consuluit.
1968 2341 1970 2346 -

606 2407 611 2416 ·
637 2413 735 2500 2⁰9·
765 2386 853 2482 lam
870 2387 924 2473 ad
943 2387 1224 2476 harmonicum
1239 2386 1424 2476 ecclesiae
1449 2414 1617 2474 cantum
1634 2388 1805 2507 exigitur
1832 2420 1872 2507 3.
1888 2394 1902 2488 ,
1918 2410 1970 2475 ut

461 2584 467 2589 .
580 2503 692 2591 nulla
714 2504 949 2594 admittatur
979 2507 1131 2626 poetica
1160 2505 1358 2609 licentia,
1386 2534 1471 2617 qua
1496 2537 1634 2595 versus
1651 2508 1812 2622 longior
1830 2508 1969 2595 ceteris
2084 2569 2087 2573 »

572 2622 757 2724 evadat,
786 2620 898 2725 sive,
931 2654 979 2712 ut
994 2626 1049 2712 ait
1064 2624 1242 2726 Clarus,
1278 2626 1450 2712 mutatio
1468 2624 1596 2742 pedis
1612 2626 1654 2710 in
1677 2627 1871 2727 alterum,
1891 2626 1966 2735 qui

570 2740 757 2859 pluribus
789 2741 953 2850 syllabis
984 2768 1172 2843 constet,
1208 2769 1268 2834 ut
1288 2771 1386 2860 puta
1425 2742 1579 2843 iambi,
1599 2770 1673 2830 aut
1693 2744 1891 2859 spondaei
1923 2743 1967 2829 in
2005 2762 2007 2765 ’

448 2961 450 2969 k
575 2885 842 2978 anapaestum
859 2862 928 2978 (a)
947 2924 957 2948 .
977 2867 1096 2950 Hanc
1126 2864 1304 2978 tegulam
1334 2859 1595 2947 Correctores
1625 2861 1856 2949 Urbaniani
1877 2890 1992 2948 non·

572 2982 876 3084 observarunt,
911 3011 1088 3101 acsaepe
1121 2981 1163 3065 in
1191 2979 1352 3091 hymnis
1372 2978 1559 3067 breviarii
1576 2981 1751 3067 Romani
1787 2980 1967 3069 iambicis

572 3096 750 3184 dimetria
769 3128 973 3188 accurunt
990 3132 1128 3190 versus
1145 3127 1295 3188 novem
1312 3095 1585 3208 syllabarum,
1602 3127 1678 3203 ut,
1694 3101 1834 3187 Oculos
1851 3099 1891 3184 in
1906 3098 1972 3185 al-

571 3233 653 3301 tum
671 3218 787 3301 tollite
807 3278 818 3299 .
839 3267 859 3285 ·
876 3220 1083 3336 Populique
1098 3219 1348 3319 Rexludaici
1364 3280 1377 3303 .
1397 3218 1612 3307 Gavantus
1628 3219 1732 3334 (1),
1748 3223 1968 3320 Mendum,

572 3331 710 3450 inquit
725 3399 739 3437 ,
754 3355 897 3451 putant
915 3337 1034 3454 aliqui
1047 3337 1089 3423 in
1105 3340 1257 3454 apennis
1275 3336 1475 3434 iambicis,
1507 3342 1660 3452 quande
1674 3341 1816 3459 legunt
1828 3366 1964 3426 novem

570 3454 800 3572 syllabarum
818 3468 951 3541 uersos
966 3518 984 3557 .,
1013 3486 1089 3542 non
1122 3456 1391 3557 advertentes,
1419 3479 1670 3571 (anapaestum
1702 3458 1799 3573 porri
1825 3458 1961 3572 pedem

567 3572 697 3689 primo
718 3574 798 3663 loco
807 3605 881 3692 pro
906 3578 1126 3693 spondaeo,
1151 3575 1210 3661 ue'l
1223 3574 1348 3662 iambo
1368 3617 1383 3659 .·
1413 3569 1608 3689 Optime:
1638 3576 1709 3662 sed
1724 3578 1818 3661 inde
1834 3572 1967 3659 oritur.

575 3719 687 3777 error
704 3723 844 3779 eorum
863 3751 876 3794 ,
898 3695 971 3799 otri
999 3697 1194 3782 mendum
1225 3697 1384 3783 subesse
1405 3695 1715 3810 putant,'quod
1739 3690 1968 3780 deformitas

575 3831 724 3900 'cantus
754 3812 996 3920 intercedit,
1029 3844 1124 3902 cum
1152 3844 1176 3901 a
1200 3843 1319 3904 versu
1338 3840 1431 3903 octo
1450 3811 1694 3928 syllabarum
1726 3807 1969 3925 sobeisdcm

1814 3927 1973 4022 modus

631 4143 682 4232 (a)
698 4134 841 4213 Veteres
856 4140 963 4215 Latini
976 4141 1006 4213 in
1024 4140 1244 4233 pronunciat·
1309 4146 1419 4238 bant,
1440 4112 1603 4210 'nimirum
1634 4137 1705 4210 duo
1722 4137 1871 4233 syllabae
1891 4140 1967 4209 lon·

578 4236 625 4309 da
642 4235 769 4331 syllaba
787 4242 881 4311 brevi
897 4264 1000 4313 unum
1016 4259 1178 4333 tempus,
1207 4240 1241 4311 in

572 4329 684 4428 'longa
699 4345 783 4406 ¹sert)
797 4338 867 4408 duo
885 4336 1096 4410 insumebant
1111 4388 1121 4421 ‚
1135 4338 1252 4411 immo·

585 4433 692 4525 aliqui
722 4434 956 4525 inscriptione
984 4436 1147 4532 syllabam
1167 4437 1241 4507 lon·

571 4554 663 4625 sgant
683 4535 921 4628 geminabant,
937 4550 1054 4606 nautas
1070 4558 1134 4629 pen
1148 4552 1245 4608 natas

570 4649 787 4704 exarantes.
823 4635 942 4708 ltaoue
970 4632 1067 4706 facile
1086 4632 1243 4713 nnumin

568 4728 730 4800 -stteeum
747 4735 867 4819 pedem
883 4733 954 4804 sine
967 4753 1083 4807 cantus
1113 4733 1245 4804 incom-

588 4827 693 4899 nodo
722 4831 919 4913 mutabanta
950 4831 1027 4906 licet
1060 4832 1148 4904 enim
1180 4854 1243 4922 pro

587 4924 762 5018 spondaeo
797 4946 1008 5012 anapaestum
1054 4948 1244 5022 ponerent,

589 5042 726 5136 semper
750 5038 900 5119 quatuor
924 5041 1246 5119 temperarem.

1310 4266 1372 4338 gae
1390 4235 1586 4329 anapaesti,
1615 4236 1770 4309 etaltera
1801 4244 1871 4311 duo
1890 4242 1972 4308 dua·

1300 4336 1561 4414 .rurn.breviutn
1574 4337 1733 4417 eiusdem
1752 4337 1872 4429 pedis.
1890 4335 1970 4407 tau·

1311 4433 1459 4523 jusmodi
1477 4433 1661 4507 discrimen
1680 4460 1697 4505 a
1714 4436 1811 4507 nobis
1825 4456 1890 4505 non
1904 4432 1970 4501 ob·
2000 4504 2002 4508 ,

1314 4554 1482 4616 servatur,
1496 4558 1684 4625 versusque
1701 4534 1732 4604 io
1750 4550 1974 4625 pronuncian-

1314 4638 1387 4716 do,
1416 4651 1455 4705 et.
1463 4637 1614 4715 canendo
1634 4630 1769 4725 longior
1783 4626 1896 4700 evadit
1914 4622 1973 4707 ,si
1994 4696 1998 4705 ,

1315 4730 1394 4806 loeo
1424 4732 1585 4826 spondaei
1614 4726 1800 4816 intruditur
1826 4744 1974 4823 anapaes-

1314 4851 1408 4913 stuss
1428 4848 1676 4923 proptereaque
1691 4823 1724 4894 id
1741 4821 1973 4916 effugiendum

1317 4947 1392 5001 est·
1443 4938 1497 5016 (Ι)
1524 4928 1561 4997 lli
1586 4924 1695 4995 Rubra
1716 4924 1816 4994 brev·
1831 4937 1921 5016 paris
1939 4940 1974 5002 ᾗ

1317 5026 1449 5109 setall.
1470 5046 1566 5100 auur·
1583 5042 1641 5097 ss·
