5084 6234
701 842 784 957 384
1099 831 1667 937 CONvesssro

695 984 773 1071 bus
808 975 964 1095 gaudiis
1000 973 1246 1071 elevamur,
1302 977 1398 1091 quia
1435 1005 1593 1094 repente
1633 1009 1761 1067 novos
1808 977 2074 1068 Ecclesiarum

694 1097 908 1218 parturisse
942 1095 1113 1213 populos
1146 1097 1447 1196 intuemur,et
1460 1126 1639 1219 quorum
1665 1100 1916 1215 asperitatem
1937 1132 2076 1214 quon·

697 1220 793 1302 dam
826 1218 1111 1329 gemebamus,
1150 1215 1199 1309 de,
1231 1240 1373 1303 eorum
1409 1239 1521 1300 nunc
1546 1209 1780 1332 gaudemus
1813 1219 2074 1305 credulitate.

696 1336 805 1449 Ergo
832 1331 994 1416 materia
1022 1330 1159 1445 gaudii
1192 1331 1317 1414 nostri
1352 1329 1621 1419 tribulationis
1652 1336 1885 1451 praeteritae
1917 1336 2078 1423 occasio

694 1453 803 1550 fuit.
838 1449 1107 1536 Gemebamus
1137 1512 1151 1547 ,
1184 1447 1284 1531 dum
1311 1450 1570 1565 gravaremur
1601 1482 1614 1551 3
1646 1453 1715 1537 sed
1744 1454 1913 1569 gemitus
1949 1452 1999 1536 illi
2018 1455 2078 1540 ⁴id

696 1593 866 1686 egerunt
881 1595 967 1667 „ut
1002 1567 1042 1647 hi
1063 1627 1075 1667 ,
1107 1565 1178 1679 qui
1195 1594 1265 1680 per
1284 1566 1555 1651 infidelitatem
1573 1655 1576 1663 ,
1591 1570 1707 1655 nobis
1737 1592 1856 1656 erant
1885 1573 2076 1676 sarcina,

695 1687 838 1777 fierent
874 1707 1009 1771 nostra
1044 1713 1114 1801 per
1142 1712 1258 1769 suam
1294 1683 1601 1792 conversionem
1629 1717 1820 1775 corona.

1073 1986 1076 1993 .
1155 1997 1159 2007 ,
1225 1902 1372 1987 usto
1423 1859 1529 1988 Vm.

712 2094 722 2121 ν
754 2046 903 2134 Exulta
938 2071 1078 2158 ergo,
1098 2061 1137 2127 et
1167 2039 1333 2141 laetare
1357 2041 1530 2128 Ecclesia
1561 2043 1641 2127 Dei
1669 2074 1682 2145 3
1713 2044 1884 2160 gaude‘,
1913 2071 1952 2133 et
1981 2075 2084 2131 con-

694 2197 813 2285 surge
845 2191 981 2250 unum
1013 2160 1374 2276 eorpusClrrist13
1407 2160 1575 2246 induere
1590 2162 1858 2264 fortitudine,
1893 2164 2079 2279 etjubila

700 2282 981 2382 exultatione,
1012 2277 1293 2393 quoniamtui
1320 2282 1519 2376 moerores
1557 2279 1834 2397 ingaudium
1859 2311 1956 2367 sunt
1988 2312 2082 2366 mu⁴

697 2404 803 2505 tati,
835 2399 1012 2490 tristitiae
1051 2395 1234 2482 habitum
1265 2398 1308 2481 in
1343 2397 1535 2485 amictum
1570 2397 1748 2485 laetitiae
1801 2429 1962 2485 versum
1992 2424 2078 2487 est·

697 2521 805 2608 Ecce
838 2541 998 2638 repente
1021 2514 1144 2606 oblita
1161 2514 1402 2616 sterilitatis,
1431 2541 1469 2601 et
1482 2516 1730 2633 paupertatis
1748 2543 1840 2605 tuac
1858 2545 1946 2604 uno
1965 2546 2087 2637 partu
2170 2563 2173 2568 ·

697 2640 871 2758 populos
897 2637 1133 2725 innumeros
1163 2633 1338 2748 genuisti
1377 2633 1546 2719 Christo
1578 2659 1650 2719 tuo
1684 2697 1694 2719 .
1731 2638 1840 2721 Nam
1868 2636 2088 2752 dispendiis

698 2757 781 2843 tuis
800 2753 997 2872 proficis,
1033 2776 1186 2861 tuoque
1210 2750 1362 2835 damno
1389 2751 1642 2853 subcrescis;
1671 2780 1807 2839 tantus
1828 2754 2003 2866 denique
2031 2780 2089 2841 est

695 2877 880 2991 Sponsus
911 2896 1038 2967 tuus,
1068 2867 1185 2982 cujus
1219 2867 1387 2983 imperio
1421 2868 1594 2982 regeris,
1628 2894 1676 2953 ut
1710 2870 1809 2952 dum
1840 2895 1876 2954 te
1908 2872 2088 2984 patiatur

702 2988 939 3115 depraedari
979 2987 1033 3073 sd
1058 2986 1300 3086 modicum,
1339 3013 1498 3071 rursum
1529 2983 1720 3102 praedam
1754 3015 1868 3071 tuam
1885 2988 1939 3071 ad
1970 3014 2005 3076 te
2033 3018 2090 3075 re·

704 3112 854 3210 ducat,
890 3134 928 3195 et
952 3109 1083 3195 hostes
1117 3128 1206 3191 tuos
1236 3102 1307 3191 tibi
1342 3102 1587 3219 conquirat.
1620 3105 1697 3213 sic,
1719 3131 1854 3192 autem
1887 3106 2088 3223 agricola,

699 3227 759 3314 sic
792 3224 964 3341 piscator
980 3286 994 3324 ,
1022 3226 1120 3307 dum
1136 3222 1247 3307 lucra
1281 3221 1454 3308 attendit
1470 3222 1642 3323 lutura,
1672 3254 1777 3338 quae
1816 3225 1988 3312 seminat
2004 3289 2018 3328 ,
2050 3251 2090 3313 et
2156 3240 2161 3247 '

701 3373 808 3461 quae
844 3344 991 3426 amodo
1017 3338 1250 3439 incesserit,
1286 3369 1371 3424 non
1406 3348 1577 3453 imputat
1610 3341 1791 3426 damna,
1818 3343 1889 3429 Tu
1913 3344 2087 3459 proinde

702 3463 785 3579 jam
820 3490 870 3545 ne
905 3458 997 3543 lleas
1015 3511 1037 3557 ,·
1066 3487 1114 3541 ne
1148 3457 1281 3572 lugeas
1310 3455 1575 3657 temporaliter
1608 3459 1809 3572 quosdam
1836 3460 2032 3548 recessisse
2063 3489 2092 3547 a

702 3605 740 3671 te
755 3642 769 3689 ,
794 3608 898 3692 quos
923 3576 1059 3669 cernis
1077 3605 1170 3666 cum
1199 3574 1355 3694 magnis
1401 3573 1507 3659 ueris
1541 3576 1698 3665 rediisse
1734 3579 1787 3663 ad
1820 3605 1891 3669 te.

1287 3791 1411 3911 utta
1426 3791 1497 3876 nr.

766 3942 902 4056 Ergo,
920 3937 1074 4039 fratres,
1091 3959 1173 4020 tota
1195 3933 1386 4018 charitate
1407 3932 1533 4015 animi
1548 3934 1770 4019 exultemus
1780 3934 1822 4016 in
1840 3930 2033 4034 Domin0,
2051 3953 2092 4019 et

704 4058 917 4176 jubilemus
952 4056 1044 4140 Deo
1080 4051 1245 4138 salutari
1278 4077 1448 4134 nostro·
1486 4050 1676 4136 Parietem
1710 4052 1818 4137 enim
1837 4051 2092 4151 discordiae,

709 4206 831 4293 quem
866 4173 1133 4262 fabricaverat
1167 4170 1394 4268 Diabolus,
1422 4200 1501 4285 pax
1538 4168 1693 4255 Christi
1709 4169 1932 4272 destruxit,
1967 4170 2095 4286 etdo7

707 4326 834 4395 mus,
866 4321 971 4405 quae
992 4288 1189 4377 divisione
1228 4287 1270 4370 in
1290 4312 1474 4396 mutuam
1489 4291 1669 4376 certabat
1683 4290 1875 4390 caedem,
1906 4319 1995 4373 uno
2013 4287 2095 4401 jam
2177 4377 2179 4381 ,

710 4413 885 4500 Christo
902 4408 1030 4526 lapide
1065 4405 1251 4520 angulari
1268 4404 1533 4523 conjungitur
1553 4468 1563 4490 .
1599 4408 1800 4493 Dicamus.
1810 4440 1905 4525 ergo
1920 4437 2059 4493 omnes
2077 4434 2090 4488 t

713 4532 853 4617 Gloria
872 4530 914 4612 in
931 4524 1092 4615 excelsis
1130 4526 1249 4626 De0,
1283 4548 1321 4608 et
1338 4525 1381 4607 in
1399 4549 1500 4610 terra
1518 4553 1596 4638 pax
1616 4527 1850 4614 hominibus
1869 4531 2000 4614 bonae
2018 4554 2095 4613 vo-

710 4646 916 4734 luntatis.
952 4646 1121 4732 Nullum
1155 4644 1264 4728 enim
1297 4642 1523 4759 praemium
1553 4645 1738 4731 charitati
1773 4668 2057 4761 compensatur
2076 4643 2091 4722 .’

710 4765 811 4880 lnde
829 4770 940 4855 omni
957 4764 1108 4882 gaudio
1126 4762 1403 4877 praeponitur,
1417 4763 1514 4875 quia
1532 4789 1569 4849 et
1584 4763 1758 4860 charitas
1776 4765 1880 4849 facta
1898 4785 1970 4857 est,
1985 4786 2091 4869 quae
2122 4805 2127 4813 ·

714 4879 904 4986 omniurn
920 4883 1116 4971 virturu'm
1131 4879 1288 4969 obtinet
1304 4879 1578 4998 principatum
1597 4946 1607 4965 .
1643 4880 2097 4995 Superestautemuna·

718 5002 877 5094 nimiter
896 5030 1032 5087 unum
1067 5031 1206 5090 omnes
1220 5030 1390 5118 regrmm
1416 4998 1544 5097 effecti
1566 5029 1649 5096 tam
1664 4996 1962 5116 prostabilitate
1983 4992 2095 5110 regni

1984 5139 2101 5203 terre·
