5084 6234
951 799 1642 899 nccarsrasrrcrs‘
1917 837 1977 930 3,

844 962 850 980 ¹
1183 1035 1223 1161 t.
1269 1042 1401 1134 rr..
1724 959 1727 964 ⁵

896 1228 1153 1317 Monumentn
1183 1220 1287 1308 tertii
1301 1225 1429 1315 Sentii
1450 1256 1524 1349 pra
1538 1225 1668 1322 Sacris

1023 1344 1170 1464 hymnis
1198 1343 1527 1436 Clarisn'nnorum.

591 1549 673 1663 4⁶·
693 1487 825 1662 Qm
849 1547 973 1662 magis
1002 1548 1274 1662 aprimorum
1302 1575 1531 1666 temporum
1563 1552 1806 1642 obscuritate
1835 1551 1983 1640 recedi·

455 1753 458 1759 .
580 1697 704 1765 mus,
725 1666 783 1752 uti
796 1666 888 1755 aliis
906 1667 948 1751 in
968 1670 1088 1752 rebus
1104 1731 1117 1768 ,
1134 1669 1189 1753 ita
1206 1670 1324 1754 eriam
1339 1668 1384 1753 in
1400 1674 1476 1755 hac
1494 1736 1508 1774 ‚
1534 1704 1659 1789 quam
1676 1703 1771 1791 prae
1791 1672 1982 1761 manibus

580 1786 809 1887 habemus,
826 1794 876 1873 de
894 1785 1060 1900 hymnis
1077 1786 1357 1873 Ecclesiasticis
1384 1794 1621 1880 tractatione
1654 1792 1847 1913 ampliora
1881 1819 1983 1906 sup·

582 1929 728 2020 petunt
754 1906 1031 2010 documenta,
1056 1904 1253 2016 latiorque
1271 1905 1442 2021 proinde
1460 1938 1611 2025 pateret
1630 1911 1850 1999 disserendi
1878 1931 1983 1995 cam·

585 2052 688 2139 pus,
709 2024 741 2112 si
756 2024 860 2113 foret
875 2056 1019 2143 operae
1035 2025 1209 2141 pretium
1227 2087 1238 2108 .
1255 2026 1335 2109 Sed
1352 2058 1437 2141 quo
1455 2031 1598 2115 certior
1615 2031 1764 2120 veritas
1786 2054 1984 2147 apparet.

570 2169 636 2231 ‚eo
651 2142 785 2235 minus
799 2146 921 2234 ⁴nobis
936 2171 994 2231 est
1008 2144 1347 2246 allaborandum;
1378 2147 1453 2232 nisi
1475 2150 1592 2259 quod
1622 2180 1718 2237 cum
1742 2175 1831 2232 non
1860 2148 1985 2232 modo

585 2288 686 2346 usus
703 2263 956 2374 hymnorum
975 2263 1194 2353 invaluerit
1208 2328 1221 2365 ,
1234 2293 1379 2353 verum
1394 2264 1591 2383 irrepserit
1604 2295 1773 2379 quoqne
1799 2270 1986 2363 abusus,

581 2376 668 2466 aive
685 2383 907 2496 corruptela
928 2444 942 2483 ,
962 2382 1038 2470 hac
1056 2410 1232 2498 exparte
1258 2411 1389 2469 novae
1428 2384 1725 2472 controversiae
1752 2382 1991 2469 excitabun-

584 2517 678 2584 tur.
700 2500 821 2616 lgirur
834 2501 1061 2615 Dionysius
1078 2562 1092 2600 ,
1109 2530 1194 2586 non
1211 2500 1271 2585 ille
1290 2499 1563 2638 Areopagita,
1583 2503 1665 2590 sive
1698 2498 1853 2602 mavis,
1890 2496 1992 2586 Scri·

474 2620 478 2626 ’
583 2638 679 2733 ptos
694 2619 870 2706 Caelestis
891 2620 1160 2722 Hiernrclrine,
1186 2644 1225 2706 et
1253 2620 1303 2705 de
1330 2618 1486 2706 Divino
1514 2621 1729 2708 nominibus
1758 2682 1771 2721 ‚
1808 2622 1857 2705 ut
1888 2615 1995 2702 malo

582 2739 756 2825 asseruit
774 2736 1015 2841 Cardinalis¹
1034 2746 1150 2826 Bona
1166 2742 1240 2857 (r)
1258 2740 1451 2855 deceptus
1486 2740 1662 2827 nominis
1693 2736 1953 2826 similitudine
1974 2798 1990 2838 ,

583 2851 657 2937 sed
687 2857 783 2944 alter
816 2861 869 2945 ab
900 2859 1171 2944 Alexandriae
1202 2860 1449 2976 Episcopatu
1479 2858 1610 2945 dictus
1650 2854 1987 2957 Alexandrinus,

519 3070 521 3075 .
584 2970 783 3084 quicirca
814 3004 973 3063 annum
992 3004 1090 3089 250.
1123 2976 1322 3079 florebat,
1355 2979 1554 3093 Nepotem
1579 2977 1827 3095 Episcopum
1858 2972 1994 3089 Aegy·

585 3086 798 3206 *ptiacunu
812 3096 1000 3209 quamvis
1027 3126 1122 3184 cum
1139 3093 1348 3183 Chiliastis
1364 3157 1377 3195 ,
1392 3124 1463 3180 seu
1486 3094 1722 3182 lvlillenariis
1750 3091 1989 3179 sentientem

572 3204 770 3316 refellat,
805 3214 944 3304 laudat
982 3242 1117 3301 tamen
1147 3215 1230 3333 jam
1259 3213 1343 3305 vita
1374 3212 1564 3302 functum
1594 3243 1756 3333 propter
1788 3212 1991 3326 quosdam

586 3331 768 3439 ,psalmos
783 3395 799 3436 ‚
815 3364 917 3448 quos
932 3334 1143 3438 ediderat,
1167 3364 1350 3450 quosque
1369 3332 1506 3420 adhuc
1524 3336 1702 3452 populus
1730 3331 1988 3428 decantabat,

593 3464 642 3527 ut
667 3480 826 3539 cernere
849 3453 946 3539 'licet
964 3452 1006 3537 in
1024 3453 1111 3568 ejus
1138 3455 1270 3544 verbis
1289 3450 1401 3567 apud
1418 3453 1641 3539 Eusebium
1660 3451 1734 3566 (a)
1747 3476 1802 3551 „t
1834 3447 1997 3560 Quam-

589 3621 623 3665 „
652 3602 781 3685 quam·
808 3601 894 3657 non
910 3571 1033 3658 modo
1047 3601 1122 3688 pro
1138 3572 1272 3659 multis
1287 3572 1372 3657 aliis
1392 3575 1511 3658 rebus
1527 3575 1726 3688 Nepotem
1753 3567 2004 3683 amplect0r‚'

587 3741 626 3785 n
651 3717 690 3779 et
708 3689 856 3807 diligo,
869 3718 920 3778 ut
931 3720 1008 3826 pro
1022 3692 1104 3777 fide
1120 3756 1134 3794 ,
1149 3721 1225 3809 pro
1240 3689 1377 3778 studio
1393 3688 1436 3771 in
1454 3688 1637 3774 doctrina
1657 3686 1817 3803 posito,
1835 3712 1917 3797 pro
1935 3711 1993 3769 as-

549 3911 551 3918 ,
591 3861 624 3905 a
652 3810 773 3898 sidua
801 3810 844 3895 in
860 3810 1074 3927 Scripturis
1092 3807 1377 3900 exercitatione
1394 3837 1492 3923 ,pro
1507 3807 1698 3895 nonnullis
1722 3831 1868 3920 quoque
1880 3801 1992 3917 psal-

590 3980 624 4038 ,ρ
652 3931 754 4030 mir,
768 3950 809 4015 et
823 3929 974 4048 hymnis
987 3932 1035 4017 nb
1052 3961 1095 4017 eo
1112 3928 1354 4048 compositis,
1383 3925 1537 4040 quibus
1563 3927 1780 4041 hucusque
1800 3916 1992 4007 nonnulli

595 4096 627 4139 n
653 4050 795 4138 lratrcs
810 4051 980 4138 libenter
996 4076 1174 4137 utuntur
1194 4075 1269 4135 etc.
1286 4110 1315 4150 ,‚
1336 4108 1349 4132 .

660 4191 728 4279 41.
759 4172 846 4257 Sub
863 4168 970 4253 idern
984 4195 1142 4284 tempus
1154 4181 1305 4258 virtute
1321 4231 1334 4269 ,
1350 4168 1400 4252 'et
1413 4159 1829 4281 sapientiaeminebat
1844 4159 1886 4242 S.
1899 4152 1994 4262 Cy-

592 4279 799 4392 prianus,
818 4288 968 4401 cujus,
988 4315 1035 4374 ut
1054 4288 1182 4399 aliq-ui
1198 4288 1373 4387 volunt,
1397 4311 1455 4371 est
1471 4287 1664 4396 Hymnus
1677 4283 1724 4366 de
1740 4283 1884 4365 Pascha
1901 4276 1992 4359 Do·

587 4398 787 4516 nunqu}
801 4432 933 4495 tamen
951 4408 1037 4514 aliis
1056 4436 1223 4522 quoque
1236 4404 1435 4494 tribuitur
1453 4406 1526 4521 (3)
1544 4468 1554 4488 .
1576 4406 1659 4521 lpse
1678 4397 1846 4516 quidem
1862 4389 1999 4505 scy-

591 4518 774 4629 prianus
789 4523 863 4641 (4)
878 4527 1068 4617 uudbus
1085 4523 1194 4617 effert
1211 4552 1379 4617 cantum
1404 4523 1761 4621 Ecclesiasticum,
1791 4539 1830 4601 et
1849 4512 1994 4599 modos

649 4814 709 4898 (ι)
735 4809 968 4884 LibDivinae
984 4811 1252 4913 Psalm.cap.16‚
1297 4898 1299 4901 ,
1370 4814 1424 4898 (3)
1452 4803 1566 4877 labbe
1580 4802 1621 4913 de
1639 4794 1767 4885 Script.
1783 4790 1934 4909 Eccclts.

601 4915 638 5005 l·
653 4933 687 4999 9·
703 4935 837 4985 num-²·
1368 4915 1423 5005 (4)
1450 4908 1492 4979 de
1504 4902 1672 4975 Oration-
1692 4894 1844 4971 Doara.

647 5018 711 5110 ta>
734 5009 989 5110 tiator-libr.
1003 5035 1147 5111 capno.
