5084 6234
572 834 628 895 ω
1003 797 1541 919 οεΗγΜΝιε

568 948 623 1030 ita
640 943 760 1030 etiam
794 941 870 1026 hac
902 938 945 1024 in
963 974 1002 1029 re
1020 940 1225 1026 Platonem
1242 942 1364 1028 suerit
1391 945 1593 1047 imitatus,
1627 969 1667 1032 et
1682 972 1728 1032 ut
1753 947 1818 1034 hic
1834 978 1958 1034 suam

570 1058 782 1148 Atlantida
795 1060 945 1148 creavit
962 1058 1103 1158 simul,
1118 1084 1156 1144 et
1170 1060 1400 1161 enarravit,
1418 1064 1470 1149 ita
1490 1063 1549 1146 ille
1565 1065 1690 1152 vitam
1715 1064 1956 1150 Ascetarum

572 1208 783 1292 nusquam
795 1175 870 1263 nisi
891 1179 933 1261 in
954 1208 1028 1264 sua
1053 1177 1293 1294 cogitatione
1315 1178 1569 1265 existentium
1589 1181 1865 1270 celebrandam
1883 1212 1956 1266 su·

570 1293 766 1414 sceperit.
799 1297 1190 1414 Petvulgatumerat
1220 1296 1332 1409 apud
1360 1322 1510 1383 veteres
1535 1298 1637 1381 illud
1661 1299 1843 1385 dictum:
1872 1302 1955 1384 Aut

572 1415 925 1529 Plutoplriloniqtrt,
944 1440 1016 1500 aut
1029 1412 1133 1497 Plttlo
1142 1411 1381 1526 plotorriqar3
1412 1413 1603 1497 nimirum
1633 1442 1798 1530 propter·
1820 1417 1956 1502 consi-

573 1534 705 1635 milem
736 1534 779 1616 in
814 1559 987 1647 utroque
1018 1528 1329 1647 philosophandi
1373 1530 1570 1615 rationem
1607 1594 1621 1630 ,
1664 1560 1955 1647 germanasque

573 1653 864 1769 cogitationum
879 1648 1178 1766 perceptiones.
1205 1645 1407 1732 Eusebius
1419 1649 1596 1734 multum
1610 1649 1730 1736 fidere
1751 1646 1792 1729 in
1823 1678 1872 1735 eo
1895 1652 1962 1739 vi-

573 1771 722 1871 detur,
745 1768 863 1883 quod
877 1767 989 1852 Philo
1005 1766 1048 1849 in
1081 1763 1325 1849 narrationis
1343 1763 1461 1849 initio
1486 1765 1740 1856 affirmaverit
1765 1826 1780 1865 ,
1808 1793 1849 1851 se
1868 1766 1958 1853 sine

572 1887 662 1975 ullis
679 1882 1066 2003 exaggerationibus,
1085 1906 1157 1966 aut
1175 1879 1376 1966 rhetorico
1394 1909 1575 1987 ornatu,
1592 1914 1676 1996 quo
1705 1882 1850 1973 veritas
1871 1911 1958 1968 non

573 2033 692 2120 eget,
721 2035 782 2091 res
800 2004 812 2085 i
841 2032 904 2089 sas
919 2001 1094 2117 religiose
1106 2026 1186 2089 esse
1210 1997 1533 2113 expositurum„
1554 2064 1566 2087 .
1582 2001 1699 2088 Ordo
1721 2000 1895 2115 (inquit
1913 2001 1957 2084 in

574 2184 603 2225 ‚‚
635 2034 1050 2234 exordioipostulat,
1069 2141 1115 2200 ut
1131 2115 1318 2230 deinceps
1334 2114 1515 2202 dicamus
1547 2119 1595 2204 de
1627 2116 1955 2240 contemplationi

574 2301 604 2342 „
640 2238 811 2337 deditis,
828 2235 928 2319 nihil
946 2233 1176 2349 affingendo
1188 2232 1247 2319 rei
1264 2232 1475 2317 ornandae
1490 2236 1614 2349 gratia
1632 2298 1646 2336 ‚
1661 2236 1764 2324 sicut
1784 2261 1923 2351 poetae
1941 2297 1955 2336 ‚

575 2419 604 2457 ‚,
636 2357 924 2471 scriptoresque
954 2351 1081 2437 solent
1116 2348 1291 2434 destituti
1323 2376 1416 2435 vera
1443 2414 1457 2450 ,
1489 2352 1737 2464 honestaque
1763 2352 1959 2453 materia,

576 2534 606 2576 ‚,
640 2472 711 2559 sed
727 2469 950 2583 simpliciter
969 2467 1173 2554 veritatem
1190 2463 1382 2551 sectando
1399 2525 1412 2563 ,
1437 2496 1560 2580 quarn
1579 2468 1648 2555 vix
1673 2468 1752 2551 ulla
1772 2470 1961 2578 eloquen-

575 2653 605 2694 „
636 2593 689 2677 tia
707 2609 836 2703 potest
852 2584 1010 2696 assequi
1030 2642 1059 2684 ,‚
1076 2645 1087 2667 .
1105 2582 1161 2666 At
1175 2579 1285 2666 enim
1313 2581 1555 2695 experientia
1586 2583 1679 2669 satis
1709 2613 1784 2668 nos
1808 2584 1959 2683 docet,

574 2734 793 2816 nunquam
826 2727 1010 2786 auctores
1025 2698 1148 2815 magis
1161 2699 1375 2795 laborare,
1404 2700 1683 2786 ut-historiam
1717 2699 1961 2790 verissimam

573 2853 614 2911 se
633 2849 797 2908 narrare
814 2816 1108 2933 profiteantur,
1139 2844 1265 2928 quam
1296 2843 1392 2899 curn
1418 2813 1598 2905 fabulam
1628 2817 1805 2935 aliquam
1835 2818 1960 2903 ador·

574 2964 692 3042 nant,
706 2965 746 3027 et
760 2965 883 3025 suum
898 2933 1066 3049 aliquod
1083 2934 1262 3050 ipsorum
1271 2960 1543 3021 commentum
1560 2934 1772 3050 evulgant,
1790 2964 1837 3021 ac
1856 2960 1958 3021 tunc

573 3088 745 3146 maxime
758 3076 936 3147 verttatts
953 3080 1128 3138 amorem
1142 3074 1339 3137 ostentare
1355 3110 1369 3149 ,
1384 3081 1478 3136 cum
1492 3081 1652 3140 mtntme
1675 3076 1880 3140 veritatem
1894 3082 1960 3139 se-

573 3199 795 3289 quuntur.
821 3170 1000 3255 Philonis
1013 3171 1091 3254 hoc
1110 3167 1242 3283 ipsum
1273 3167 1487 3257 exordium
1520 3171 1680 3256 videtur
1698 3199 1797 3284 prae
1830 3170 1959 3258 oculis

574 3292 765 3381 habuisse
782 3290 824 3375 in
838 3284 1446 3400 suafabulosaUtopi'aTlromas
1457 3286 1693 3398 Morus‚qui
1703 3286 1960 3403 inproefittio·

570 3440 623 3495 rte
642 3410 696 3495 ita
714 3409 878 3505 habet„
896 3432 908 3486 a
935 3403 1031 3489 Mea
1048 3401 1179 3487 oratio
1192 3402 1365 3518 quando
1379 3405 1580 3494 accederet
1601 3405 1769 3526 propius
1785 3407 1838 3492 ad
1853 3406 1958 3489 illius

575 3587 607 3629 „
639 3524 857 3640 neglectam
872 3519 1184 3635 simplicitatem,
1201 3543 1317 3609 tantu
1333 3519 1473 3607 futura
1498 3524 1548 3609 sit
1567 3520 1741 3638 propior
1770 3517 1959 3620 veritati,

575 3704 605 3745 „
635 3642 703 3728 cui
723 3642 798 3728 hac
812 3640 856 3726 iu
875 3667 915 3724 re
933 3637 1006 3726 soli
1022 3666 1162 3726 curam
1191 3661 1229 3724 et
1259 3637 1418 3733 debeo,
1437 3664 1476 3733 et
1490 3641 1621 3728 habeo
1636 3702 1664 3742 „
1682 3698 1694 3721 .
1715 3643 1824 3728 Haec
1838 3638 1957 3723 Tho·

575 3791 661 3848 mas
693 3761 992 3860 Morus‚tcutn
1006 3756 1199 3874 Utopiatu
1228 3756 1284 3858 ad
1306 3753 1613 3847 similitudinem
1639 3756 1796 3846 insulae
1831 3756 1965 3846 Plato·

499 3930 501 3933 Δ
579 3877 696 3965 nicae
719 3877 963 3993 confingeret
975 3871 1067 3990 (tt)

627 4087 677 4172 (a)
706 4079 842 4165 'l'imide
855 4079 896 4159 ad
911 4076 994 4150 lianc
1009 4075 1235 4171 suspicionem
1295 4097 1360 4173 qut
1373 4072 1530 4147 Barbarie
1544 4099 1667 4173 stagna
1693 4078 1960 4150 inveteratione

576 4181 619 4251 de
635 4174 786 4249 fabulosa
803 4175 955 4245 Philonis
970 4176 1159 4245 narratione
1175 4177 1237 4246 de·
1295 4173 1430 4252 babitu,
1448 4170 1539 4246 nulls
1565 4181 1729 4249 memoris
1750 4181 1843 4248 'ercet
1861 4225 1873 4259 ,
1894 4175 1959 4245 nisi

577 4273 766 4347 clarandant
790 4271 949 4344 descendi
967 4319 978 4352 ,
1009 4271 1111 4363 paulo
1129 4273 1236 4343 fiden·
1296 4271 1329 4342 in
1347 4272 1435 4343 libro
1454 4269 1604 4342 Philonis
1622 4274 1633 4344 .'
1650 4271 1776 4366 Quid?
1797 4267 1850 4345 tot
1877 4271 1963 4345 scri·

577 4372 646 4444 tius
687 4394 758 4442 eant
787 4370 1049 4441 confirmaturus
1075 4415 1086 4449 ,
1114 4370 1140 4439 si
1160 4368 1236 4441 ido·
1296 4386 1412 4462 ptores
1431 4370 1646 4440 Alexandrini
1664 4418 1675 4453 ,
1694 4370 1857 4445 Clemens
1873 4367 1957 4437 Ale·

577 4491 678 4541 neum
692 4519 703 4551 ,
716 4493 817 4562 quern
834 4487 1018 4559 sequerer,
1035 4468 1167 4537 Ducem
1184 4468 1237 4537 ha·
1294 4464 1498 4548 xandtinus‚
1531 4466 1727 4561 Origenes,
1756 4470 1812 4545 all
1832 4512 1843 4546 ‚
1870 4485 1961 4556 quo·

578 4568 718 4643 berem.
736 4568 815 4639 Non
831 4563 920 4636 enirn
939 4581 1075 4647 mente,
1093 4583 1126 4636 et
1147 4565 1240 4658 cogi·
1264 4622 1267 4627 .
1301 4588 1377 4663 runt
1393 4580 1481 4635 aetas
1504 4587 1524 4635 a
1549 4564 1772 4659 Therapeutt's
1796 4585 1862 4633 non
1877 4582 1962 4652 pto·

579 4666 708 4736 tatione
734 4662 864 4757 assequi
893 4685 1060 4755 possum,
1089 4661 1147 4756 qui
1167 4662 1239 4733 lieri
1299 4662 1356 4733 cul
1380 4664 1521 4742 aberat,
1554 4664 1629 4738 idne
1648 4663 1817 4758 ignorasse
1846 4659 1963 4730 dicen·

579 4763 756 4852 potuerit,
774 4783 812 4830 ut
834 4765 876 4830 de
890 4769 954 4832 boc
970 4758 1160 4831 admirabili
1179 4761 1239 4827 ho·
1293 4758 1336 4828 ui
1370 4764 1480 4829 sunt?
1506 4782 1545 4830 an
1567 4762 1711 4831 tacuisse
1739 4803 1751 4837 ,
1781 4779 1859 4828 cum
1889 4773 1963 4825 tana

579 4858 708 4930 minum
727 4856 884 4927 instituto
909 4859 941 4926 itt
958 4856 1072 4927 multis
1086 4855 1175 4926 orbis
1187 4875 1242 4924 re·
1300 4872 1333 4927 ta
1351 4854 1502 4950 alioquin
1524 4853 1714 4927 eruditione
1728 4859 1771 4925 de
1787 4851 1962 4924 Christia-

579 4951 902 5051 guetomorum,
918 4969 951 5025 et
977 4954 1173 5037 torretis,
1191 4968 1242 5025 at·
1298 4976 1423 5031 uorum
1448 5000 1462 5040 ,
1488 4954 1723 5041 laesurum„
1751 4949 1965 5032 §utilium-
