5084 6234
944 809 1592 905 accersutsrrcts
1896 846 1950 931 ῃ

574 978 738 1056 um,et
753 949 926 1067 reliquas
939 952 1068 1042 Urbis·
1082 958 1303 1061 Ecclesiae,
1332 957 1430 1072 quia
1446 956 1490 1042 in
1516 956 1579 1042 illa
1596 952 1780 1042 officium
1800 956 1955 1041 Roma-

574 1102 676 1162 num
702 1071 898 1188 complete
917 1099 1003 1158 non
1030 1072 1268 1163 dicebatur.
1298 1078 1452 1179 „Nam
1481 1076 1576 1161 olim
1590 1073 1761 1190 quando
1776 1075 1952 1159 Romani

570 1246 601 1295 ,‚
631 1190 843 1279 Pontifices
854 1190 967 1306 apud
983 1194 1228 1279 Lateranum
1244 1194 1497 1296 residebant,
1522 1192 1563 1278 ia
1577 1223 1702 1279 eorum
1718 1194 1858 1310 capella
1873 1219 1956 1277 ser·

568 1370 602 1413 „
627 1314 804 1401 vabatur
822 1310 1250 1398 Romanumofficium
1280 1310 1429 1400 nonita
1462 1313 1640 1430 complete
1666 1312 1772 1399 sicut
1786 1311 1830 1397 in
1863 1308 1955 1399 aliis

570 1485 602 1532 „
630 1427 756 1518 Urbis
768 1426 951 1513 Ecclesiis
978 1426 1219 1545 collegiatis.
1256 1435 1341 1519 lma
1373 1429 1526 1517 Clerici
1552 1429 1759 1546 capellares
1787 1431 1867 1521 sive
1901 1428 1951 1515 de

569 1605 602 1650 „
634 1546 831 1634 mandato
849 1547 980 1663 Papae
997 1608 1012 1647 ,
1027 1546 1110 1638 sive
1126 1578 1176 1637 ex
1190 1580 1232 1637 se
1251 1550 1434 1637 officium
1453 1554 1689 1656 Romanum
1704 1576 1857 1666 semper
1875 1549 1960 1636 bre·

571 1722 616 1768 „x
634 1666 834 1766 viabant,
865 1689 908 1751 et
930 1694 1047 1783 saepe
1081 1667 1309 1757 alterabaut
1325 1731 1345 1769 ,.
1372 1693 1497 1787 prout
1520 1664 1703 1754 Domino
1720 1668 1884 1785 Papae,
1914 1688 1956 1757 et

521 1783 524 1788 ’
571 1841 603 1887 „
632 1780 928 1872 Cardinalibus
942 1787 1191 1901 congruebat
1206 1788 1522 1877 observandum.
1539 1790 1591 1873 Et
1608 1783 1732 1900 hujus
1754 1783 1878 1872 officii
1896 1813 1961 1870 or·

574 1962 606 2005 „
635 1899 843 1987 dinarium
855 1900 943 1989 vidi
959 1905 1108 1988 Romae
1125 1933 1146 1987 a
1167 1931 1342 2023 tempore
1358 1903 1592 1991 lnnocentii
1609 1904 1674 1989 lll.
1689 1904 1957 1991 recollectum.

574 2082 605 2123 „
634 2021 685 2106 Et
698 2020 802 2107 istud
814 2018 978 2128 officium
996 2023 1199 2109 breviarum
1215 2023 1343 2113 secuti
1359 2049 1457 2110 sunt
1480 2028 1634 2109 Fratres
1652 2020 1837 2108 Minores
1854 2080 1864 2102 .
1886 2023 1959 2107 ln-

578 2197 608 2241 „
638 2137 757 2228 deest
774 2199 788 2236 ,
805 2139 922 2252 quod
954 2141 1150 2227 breviaria
1183 2170 1353 2244 eorum,
1381 2165 1421 2228 et
1448 2143 1570 2228 libros
1588 2138 1711 2225 officii
1745 2138 1959 2228 intitulant

575 2318 606 2360 ‚,
635 2254 1219 2349 secundumconsuetudinem
1232 2262 1429 2348 Romnum
1446 2260 1602 2358 curiae,
1620 2287 1706 2345 non
1726 2282 1863 2343 autem
1877 2288 1955 2344 cu·

574 2436 607 2480 „
637 2399 831 2464 taverunt
847 2405 975 2468 moses
990 2375 1160 2463 aliarum
1178 2378 1444 2470 Ecclesiarum
1460 2376 1586 2463 Urbis
1616 2378 1771 2460 Romae
1807 2373 1960 2507 recipe⁴

574 2553 607 2597 „
638 2521 708 2595 re,
738 2514 780 2578 et
793 2495 1004 2586 observare
1082 2494 1200 2583 Aliae
1218 2521 1356 2585 autern
1372 2493 1562 2583 nationes
1584 2492 1694 2580 orbis
1718 2496 1894 2578 Romam
1910 2490 1959 2574 li-·

574 2673 605 2717 „
637 2613 757 2712 bros,
776 2635 816 2697 et
829 2613 962 2700 officia
977 2641 1052 2699 sua
1071 2615 1261 2701 habente
1293 2613 1447 2702 directo
1475 2616 1528 2706 ab
1549 2610 1643 2733 ipsis
1667 2609 1852 2701 Ecclesiis
1869 2612 1960 2694 llo·-

575 2791 607 2834 „
636 2730 770 2824 manis
782 2754 854 2829 ,et
872 2761 960 2817 non
978 2760 1000 2815 a
1016 2733 1156 2847 capella
1175 2735 1348 2854 Papae„
1366 2796 1379 2819 .

634 2878 706 2965 93.
738 2854 802 2944 Ex
820 2849 1039 2939 Abaelardi
1069 2850 1202 2939 verbis
1219 2853 1443 2939 contractio
1462 2846 1584 2936 officii
1614 2849 1656 2934 ia
1674 2844 1858 2935 Ecclesiis
1873 2848 1960 2933 Flo-

579 2970 713 3058 manis
731 2993 888 3087 praeter
913 2971 1222 3056 Lateranensem
1255 2971 1370 3056 haud
1402 2996 1511 3057 certo
1528 2968 1657 3083 colligi
1678 2991 1840 3084 potest,
1866 2992 1962 3050 cum

581 3081 787 3175 diversitas
803 3085 940 3173 officiii
957 3086 1042 3173 sine
1055 3088 1131 3174 hac
1149 3087 1424 3175 contractione
1440 3086 1572 3178 valeat
1590 3085 1752 3206 intelligi
1772 3144 1784 3167 .
1812 3080 1962 3169 Radul·

579 3202 691 3321 phus
707 3206 757 3290 de
774 3205 876 3296 Rivo
893 3263 907 3307 ,
937 3205 1009 3319 qui
1024 3207 1175 3291 Romae
1193 3206 1403 3308 extiterat,
1427 3233 1466 3294 et
1482 3232 1631 3295 veteres
1648 3204 1771 3295 Urbis
1785 3228 1962 3288 consue·

580 3320 746 3412 tudines
761 3323 1055 3442 indagaverat,¹
1077 3323 1180 3409 clare
1199 3326 1450 3441 distinguens
1472 3323 1652 3412 officium
1684 3322 1866 3439 capellare
1888 3345 1962 3403 seu

581 3438 751 3564 capellae
782 3442 1012 3532 Pontificiae
1045 3444 1097 3530 ab
1126 3444 1260 3534 officio
1290 3445 1482 3532 Ecclesiae
1497 3439 1761 3531 lateranensis
1777 3434 1963 3535 affirmat,

578 3588 709 3684 usque
742 3562 798 3653 ad
830 3559 991 3650 Nicolai
1023 3563 1087 3648 lll.
1122 3565 1403 3652 Pontificatum
1450 3563 1562 3677 apud
1600 3558 1804 3647 basilicam
1840 3555 1961 3639 bate·

579 3706 792 3776 senensem
809 3705 880 3780 ,et
904 3708 1060 3772 ceterae
1104 3710 1245 3768 ornnes
1277 3680 1401 3767 Urbis
1435 3682 1587 3764 Romae
1621 3674 1815 3763 Ecclesiae
1851 3671 1960 3759 anti-

579 3821 710 3914 quum
740 3798 924 3892 officium
955 3798 1081 3885 fuisse
1121 3825 1404 3888 conservatum
1435 3796 1636 3915 integrum
1669 3856 1684 3896 ,
1718 3817 1757 3880 et
1785 3788 1957 3907 comple·

484 4007 490 4038 ,
581 3941 696 4019 tum,
727 3945 871 4013 contra
888 3947 1014 4038 quam
1029 3941 1177 4034 putant
1203 3916 1355 4031 aliqui.
1388 3918 1499 4003 ldem
1531 3914 1698 4014 asserit,
1725 3906 1963 3997 Francisca-

583 4064 661 4120 nos
676 4037 1109 4129 breviariocontracto
1138 4037 1308 4152 capellae
1325 4034 1558 4124 Pontificiae
1585 4029 1841 4128 adhaesisse,
1871 4055 1960 4114 non
2014 4135 2018 4140 1

585 4169 720 4237 autem
736 4155 967 4245 Pontificem
986 4153 1028 4238 in
1045 4154 1191 4275 capella
1207 4154 1387 4242 officium
1413 4153 1776 4243 franciscanorum
1803 4144 1962 4233 cantari

584 4268 885 4385 'usisse,qu0d
914 4272 979 4360 alii
998 4274 1232 4360 affirmant.
1266 4278 1477 4390 Propterea
1506 4273 1700 4361 siventm
1732 4264 1966 4368 est,Nicu-

597 4418 695 4475 aum
715 4392 780 4474 Ill.
810 4390 852 4475 in
868 4421 1010 4481 omnes
1023 4394 1145 4483 Urbis
1176 4392 1368 4481 Ecclesiae
1398 4392 1638 4495 Breviaria,
1669 4417 1708 4478 et
1732 4387 1856 4473 libros
1884 4382 1964 4468 Mi·

583 4536 735 4594 norum
751 4506 944 4600 invexisse
963 4575 976 4614 ,
992 4511 1094 4597 nihil
1110 4512 1206 4597 inde
1223 4514 1510 4628 consequitur,
1527 4512 1606 4598 nisi
1622 4506 1804 4595 officium
1828 4490 1965 4619 capel-

581 4626 642 4714 lae
660 4627 892 4716 Pontificiae
923 4657 1177 4719 contractum
1206 4630 1259 4719 ad
1277 4635 1307 4716 F
1308 4630 1568 4720 ranciscaaos
1582 4626 1790 4743 primum,
1814 4617 1964 4706 deinde

583 4745 637 4831 ad
655 4746 752 4834 alias
769 4748 1097 4838 Ecclesiasiuisse
1114 4776 1413 4872 propagatum.
1431 4746 1634 4862 Equidem
1658 4739 1839 4858 suspicor
1854 4801 1870 4844 2
1884 4740 1967 4824 ΟΡ·

583 4863 774 4951 dinarium
791 4929 806 4969 ,
821 4869 869 4956 de
885 4899 972 4985 quo
989 4870 1231 4985 hadulphus
1254 4870 1464 4986 loquitur,
1479 4894 1559 4951 esse
1575 4860 1688 4947 illum
1704 4861 1835 4978 ipsum
1859 4854 1966 4947 ordi·
2000 4911 2002 4916 -

579 5010 674 5086 mm.
700 4984 831 5084 Ccact'i
853 4988 1088 5096 conruit,
1109 4990 1183 5106 qui
1216 5012 1308 5109 post
1337 4982 1626 5078 Innocentium
1655 4982 1723 5070 111.
1756 4973 1968 5068 adcathe-

1540 5106 1580 5191 K
1610 5129 1638 5194 2
