5084 6234
941 786 1581 884 ECCLESlASTIClS
1900 820 1955 906 15

575 1000 607 1042 „
634 936 778 1055 piditas
797 959 1064 1019 numerorum
1082 965 1125 1021 se
1155 940 1385 1052 probaret„
1403 996 1415 1020 .
1436 932 1625 1021 Diversae
1654 931 1872 1021 sententias
1904 939 1963 1024 de.

575 1081 722 1141 natura
745 1058 910 1139 Poeseos
927 1052 1167 1149 hebraicae,
1199 1081 1460 1166 auctoresque
1493 1049 1590 1137 hinc
1622 1050 1715 1137 inde
1734 1053 1963 1146 contrarios,

576 1200 752 1260 recenset
767 1170 981 1257 Nicolaius
993 1170 1065 1284 (1)
1080 1199 1169 1288 post
1182 1171 1346 1275 Fleurii‚
1366 1172 1615 1283 aliorumque
1632 1170 1955 1268 Dissertationes.

539 1319 546 1323 ·
575 1292 728 1377 Blasius
748 1287 941 1375 Garolalo
953 1289 1028 1404 (2)
1044 1315 1172 1387 tenet,
1188 1295 1470 1380 Hebraeorum
1486 1288 1667 1376 carmina
1685 1291 1957 1380 homoteleuta

575 1408 732 1511 fuisse,
768 1438 851 1493 non
867 1408 1024 1495 metrica
1040 1439 1054 1509 3
1069 1440 1195 1522 quam
1213 1409 1272 1493 ille
1304 1410 1540 1528 opinionem
1564 1410 1662 1494 mihi
1683 1439 1767 1497 non
1787 1439 1960 1525 persua-.

575 1526 628 1613 sit
645 1590 656 1610 .
674 1524 859 1643 Expendi
875 1524 995 1610 etiam
1009 1558 1180 1643 possunt
1195 1530 1359 1616 Roberti
1375 1528 1517 1615 Lowth
1536 1526 1585 1611 de
1610 1531 1731 1615 Sacra
1750 1531 1861 1618 Poesi
1880 1533 1957 1614 He·

574 1646 792 1731 braeorum
811 1643 1096 1732 praelectiones
1119 1647 1384 1734 Academicos
1416 1677 1511 1734 cum
1546 1647 1651 1734 notis
1666 1712 1681 1748 ,
1696 1675 1735 1736 et
1759 1648 1955 1763 epimctrie

573 1763 743 1849 loannis
760 1762 896 1850 David
913 1762 1146 1851 Michaelis:
1165 1795 1339 1853 necnon
1357 1763 1554 1850 Francisci
1572 1770 1679 1852 Hare
1708 1768 1959 1856 Psalmorum.

578 1880 695 1968 Liber
712 1881 756 1964 in
772 1879 988 1969 versiculos
1005 1884 1163 1970 metrice
1180 1884 1333 1973 divisus
1349 1913 1444 1968 cum
1470 1879 1762 1971 Dissertatione
1781 1885 1831 1969 de
1849 1886 1956 1969 auti-

577 2026 658 2110 qua
676 2002 957 2089 Hebraeorum
972 2002 1084 2088 Poesi
1102 2067 1113 2087 .
1133 2005 1196 2088 Ex
1210 2000 1508 2116 antiquioribus
1532 2000 1604 2118 legi
1636 2002 1788 2120 dignus
1806 2028 1864 2089 est
1878 2002 1957 2087 At-

576 2114 719 2205 fonsus
753 2117 960 2207 Mendoza
988 2183 1002 2221 ,
1031 2120 1265 2236 Theologus
1294 2118 1564 2207 amoenissimi
1596 2122 1748 2236 ingenii
1786 2120 1955 2212 Ordinis

576 2230 875 2347 Augustiniani
895 2296 907 2329 ‚
924 2238 996 2351 qui
1013 2238 1168 2348 Quaere.
1187 2269 1228 2353 3.
1244 2239 1412 2325 Potitius
1428 2239 1603 2354 probat,
1636 2239 1792 2353 aliquot
1808 2239 1952 2330 veteris

575 2349 822 2438 Testamenti
839 2355 964 2441 libros
976 2357 1149 2442 carmine
1161 2356 1406 2472 conscriptos
1420 2383 1500 2441 esse
1520 2415 1535 2454 ,
1558 2356 1682 2470 idque
1710 2385 1951 2471 magnopere

575 2467 757 2557 decuisse
777 2531 787 2553 .
804 2475 954 2557 Nostro
971 2498 1149 2591 tempore
1167 2474 1328 2563 celebris
1344 2500 1399 2562 est
1417 2473 1651 2562 Dissertatio
1670 2473 1833 2563 xaverii
1849 2475 1958 2566 Mas.

571 2584 681 2671 thaei
701 2588 750 2676 de
767 2589 880 2678 Poesi
891 2593 1169 2683 Hebraeorum
1183 2658 1198 2698 ‚
1213 2620 1253 2682 et
1269 2594 1520 2680 Graecorum
1536 2652 1549 2676 .

1196 2831 1235 2952 t.
1281 2837 1339 2918 ν.

746 3011 989 3127 Hymnorurn
1023 3014 1127 3127 opud
1156 3012 1387 3100 Christianos
1416 3011 1524 3130 origo
1554 3043 1578 3097 n
1603 3011 1781 3117 Christo,

1018 3155 1056 3213 et
1070 3132 1260 3246 Apostolt's
1274 3133 1474 3244 repetendo
1495 3191 1507 3213 .

582 3305 654 3388 18.
684 3245 925 3394 Hactenus
942 3306 990 3391 de
1007 3308 1149 3397 veteris
1165 3308 1387 3395 testamenti
1404 3307 1602 3422 Hymnis:
1623 3336 1719 3394 nam
1734 3308 1824 3397 licet
1838 3307 1956 3423 plura

580 3419 758 3536 ejusdem
768 3426 925 3540 generis
943 3427 1105 3540 congeri
1117 3454 1280 3543 possent
1294 3490 1310 3528 ,
1326 3455 1410 3511 rem
1424 3457 1496 3542 per
1520 3455 1560 3512 se
1575 3425 1750 3527 claram,
1773 3426 1957 3515 videlicet

581 3568 831 3631 cursitantem
845 3610 859 3646 ‚
875 3574 924 3629 ac
938 3571 1176 3660 perpetuum
1192 3576 1313 3629 usum
1327 3546 1522 3629 cantandi
1546 3533 1721 3656 hymnos
1736 3545 1849 3659 apud
1870 3546 1956 3627 He-

578 3659 718 3747 braeos
734 3661 947 3781 superfluis
962 3664 1273 3776 probationibus
1283 3664 1518 3748 confirmare
1539 3660 1640 3748 nihil
1657 3661 1827 3762 attinet,
1856 3662 1956 3748 levi-

576 3800 636 3864 ter
653 3783 880 3895 exposuisse
909 3778 1109 3867 sufficiat.
1139 3781 1358 3896 Sequitur,
1387 3804 1436 3866 ut
1467 3780 1510 3863 in
1543 3809 1653 3867 novo
1668 3777 1956 3880 Testamento,

578 3896 898 4015 Christianaque
913 3898 1090 3985 Ecclesia
1108 3900 1290 3987 eamdem
1307 3897 1580 4013 disciplinam,
1591 3898 1955 3985 consuetudinem-

579 4045 670 4127 que,
686 4042 808 4133 atque
822 4017 1093 4134 primame'tus
1108 4020 1305 4137 originem
1321 4016 1602 4133 perquiramus
1619 4079 1629 4101 .
1644 4022 1789 4103 Facem
1803 4015 1920 4133 prael
1942 4064 1958 4086 ·

579 4157 643 4216 rat
653 4134 891 4226 Concilium
907 4138 1275 4238 IV.Toletanum‚
1303 4134 1422 4250 cujus
1454 4161 1562 4223 extat
1586 4135 1881 4251 gravissimus,
1916 4156 1956 4223 et

576 4246 913 4345 luculentissimus
932 4254 1089 4344 Canon
1106 4289 1174 4373 ¹3·
1189 4257 1232 4342 in
1252 4257 1546 4365 haec.verba„s
1565 4254 1629 4339 De
1646 4255 1820 4368 Hymnis
1834 4252 1955 4339 etiam

575 4427 608 4471 s»
638 4377 829 4481 canendis
844 4403 883 4463 et
894 4374 1129 4476 salvatoris,
1141 4403 1183 4463 et
1197 4372 1487 4491 Apostolorum
1505 4377 1699 4463 habemus
1714 4371 1954 4485 exemplum3

574 4543 607 4591 „
639 4514 738 4570 nam
756 4516 795 4574 et
822 4494 904 4609 ipse
932 4496 1137 4582 Dominus
1167 4496 1371 4608 hymnum
1404 4493 1546 4580 dixisse
1579 4492 1811 4609 perhibetur
1841 4489 1954 4574 Mat-

573 4663 608 4710 22
636 4602 760 4695 ¹11an
773 4610 1030 4728 Evangelista
1059 4641 1255 4707 testantes
1284 4612 1341 4699 Er
1367 4613 1523 4728 Hymno
1540 4611 1678 4711 dicto,
1707 4608 1882 4697 esistunt
1909 4607 1951 4690 tiz

629 4892 685 4979 (ι)
708 4891 866 4966 tescit·
1123 4979 1129 4988 .
1294 4892 1329 4963 ra
1357 4885 1816 4983 Possiadegliabrei.1n
1845 4885 1959 4956 nomn

627 4994 688 5082 (a)
714 4989 1000 5067 considerazioni
1024 4990 1167 5071 intorno.
1190 4991 1239 5065 al·
1302 5011 1409 5084 ¹707·
