5084 6234
592 810 619 870 u
843 891 848 901 Ι
1014 781 1120 862 DE
1182 782 1221 864 Η
1252 785 1283 865 Y
1312 782 1360 866 M
1391 785 1433 865 Ν
1464 783 1537 867 18

590 917 762 1007 clament
778 949 857 1007 esse
876 917 1134 1006 retinendos.
1159 917 1436 1035 Pervulgatum
1453 913 1540 1020 est,
1562 943 1736 1035 quantas
1759 943 1967 1036 tempesta-

590 1064 680 1123 tum
703 1038 869 1125 subierit
901 1036 1021 1121 moles
1049 1035 1317 1123 sanctissimus
1346 1039 1487 1121 Sacrae
1516 1038 1740 1153 Scripturae
1775 1039 1965 1157 interpres

478 1173 481 1182 '
591 1155 894 1271 Hieronymus,
925 1154 1039 1267 quod
1071 1153 1241 1271 plurima
1273 1152 1358 1239 loca
1385 1153 1517 1255 aliter,
1536 1147 1663 1265 quam
1680 1154 1791 1271 prius
1807 1157 1881 1272 legi
1896 1177 1966 1243 so·-

590 1270 715 1361 lerent
730 1338 743 1375 ,
757 1272 938 1373 verterit,
956 1303 1001 1359 ac
1019 1301 1181 1387 prorsus
1209 1299 1361 1356 novam
1387 1270 1750 1389 interpretationem
1769 1274 1966 1361 condide-

591 1388 663 1475 rit.
678 1455 706 1494 „
724 1390 1116 1506 Periculosumlopus
1131 1416 1261 1501 certe,
1286 1389 1342 1473 ait
1354 1386 1457 1503 (1),
1484 1415 1521 1481 et
1537 1393 1847 1506 obtrectatorum
1864 1423 1967 1478 meo.

589 1568 619 1607 ,‚
650 1541 741 1595 rum
757 1509 964 1598 latratibus
979 1500 1139 1625 pietens3
1152 1508 1224 1620 qui
1244 1503 1504 1592 me'asserunt
1522 1507 1564 1591 in
1582 1507 1833 1623 septuaginta
1850 1510 1965 1597 inter-

587 1685 617 1725 „
648 1656 805 1743 pretum
833 1626 1123 1744 sugillationem
1142 1655 1248 1713 nova
1267 1654 1340 1741 pro
1355 1624 1556 1712 veteribus
1578 1626 1723 1711 cudere
1743 1686 1752 1709 .
1769 1687 1797 1727 „
1829 1629 1880 1712 Et
1897 1630 1967 1714 ali·

589 1741 630 1827 bi
644 1744 718 1861 (2)
732 1809 758 1847 „
777 1745 917 1862 Cogor
949 1774 1019 1861 per
1050 1738 1230 1860 singulos
1246 1742 1472 1860 Scripturas
1503 1742 1664 1831 divinae
1681 1742 1802 1830 libros
1821 1745 1966 1833 adver-

587 1920 617 1962 „
646 1863 844 1948 sariorum
864 1862 1100 1977 respondere
1117 1860 1435 1975 maledictis,qui
1453 1859 1816 1976 interpretationem
1836 1892 1965 1948 meam

587 2038 617 2077 „
649 1982 996 2095 reprehensionem
1010 1980 1259 2096 septuaginta
1275 1981 1540 2095 Interpretum
1553 1977 1820 2064 criminantur
1834 2039 1843 2060 .
1855 2041 1885 2078 ,‚
1901 1982 1963 2065 Ac

588 2122 728 2181 rursus
740 2097 814 2211 (3)
828 2157 857 2199 „
871 2122 981 2183 tanta
1014 2123 1070 2182 est
1098 2095 1206 2181 enim
1224 2094 1430 2183 vetustatis
1458 2094 1742 2194 consuetudo,
1771 2119 1819 2180 ut
1847 2095 1963 2181 etiam

585 2267 618 2312 „
649 2213 829 2301 confessa
847 2212 1042 2331 plerisque
1063 2213 1162 2303 vitia
1178 2213 1363 2327 placeant
1379 2274 1390 2296 .
1408 2274 1437 2313 ,‚
1605 2311 1611 2322 ‚

648 2358 688 2443 3.
735 2333 787 2417 Et
811 2357 858 2418 ut
889 2331 1101 2415 innumera
1132 2328 1206 2415 alia
1242 2331 1451 2430 omittam,
1482 2329 1536 2414 ita
1567 2325 1703 2414 scribit
1732 2324 1963 2419 adDama-

584 2474 677 2531 sum
691 2445 764 2562 (4)
779 2509 790 2531 .
806 2509 834 2547 „
849 2451 1017 2535 Novum
1034 2475 1137 2561 opus
1153 2475 1212 2530 me
1230 2445 1358 2532 facere
1382 2447 1491 2562 cogis
1508 2474 1557 2531 ex
1575 2443 1697 2535 veteri
1799 2446 1894 2533 Pius
1912 2448 1964 2533 la·

582 2619 613 2665 „
645 2564 834 2664 bor‚sed
850 2561 1070 2680 periculosa
1099 2562 1369 2679 praesumptio
1397 2563 1579 2677 judicare
1605 2559 1653 2645 de
1677 2563 1814 2648 ceteris
1831 2561 1966 2679 ipsum

582 2740 613 2781 „
645 2682 697 2766 ab
713 2679 903 2767 omnibus
918 2677 1214 2794 judicandum:
1244 2680 1348 2767 senis
1366 2705 1519 2766 mutare
1539 2679 1745 2795 linguam,
1777 2704 1817 2765 ct
1842 2709 1967 2768 cane-

580 2853 614 2898 „
643 2805 817 2885 stentem
847 2797 928 2914 jam
959 2799 1162 2884 mundum
1193 2800 1246 2883 ad
1277 2796 1393 2883 initia
1439 2799 1637 2883 retrahere
1670 2796 1965 2910 parvulorum.

582 2968 615 3015 „
645 2915 754 3029 Quis
770 2916 878 3001 enim
895 2914 1037 3002 doctus
1054 2915 1287 3034 paritet,vel
1304 2914 1601 3015 indoctus,cum
1623 2915 1665 2999 in
1686 2943 1831 2999 manus
1850 2916 1970 3003 volu·

583 3091 614 3134 „
644 3062 737 3118 men
753 3031 1008 3150 assumpserit
1023 3095 1037 3132 ,
1051 3055 1091 3120 et
1107 3064 1132 3117 a
1148 3033 1273 3124 saliva
1291 3093 1305 3132 ,
1320 3064 1444 3146 quam
1471 3034 1588 3119 semel
1613 3029 1768 3117 imbibit
1785 3032 1961 3133 ,viderit

583 3207 613 3250 „
643 3150 864 3267 discrepare
882 3212 895 3253 ,
911 3150 1026 3264 quod
1040 3150 1209 3252 lectitat,
1221 3179 1307 3236 non
1322 3152 1454 3237 statim
1468 3175 1653 3268 erumpat
1667 3145 1711 3232 in
1726 3178 1882 3252 vocem,
1897 3180 1960 3237 me

577 3293 619 3368 „·
638 3266 842 3353 falsarium
856 3330 870 3369 ,
884 3293 946 3353 me
973 3267 1180 3355 clamitans
1210 3298 1290 3353 esse
1307 3269 1569 3385 sacrilegum,
1590 3268 1663 3383 qui
1683 3266 1862 3353 audeam
1891 3269 1966 3353 ali-

576 3443 606 3486 „
634 3383 739 3499 quid
754 3383 797 3469 in
813 3384 1014 3475 veteribus
1039 3384 1146 3473 libris
1178 3386 1352 3485 addere,
1372 3410 1527 3471 mutare
1543 3448 1556 3486 ,
1573 3381 1769 3495 corrigere
1786 3384 1810 3467 2
1828 3447 1857 3485 ,‚
1876 3389 1964 3470 Ne·

576 3529 658 3614 que
672 3527 769 3590 vero
785 3501 819 3586 is
830 3530 904 3617 ego
921 3531 1039 3605 sum,
1054 3503 1127 3619 qui
1143 3503 1223 3588 ulla
1239 3529 1413 3619 exparte
1441 3532 1506 3589 me
1533 3533 1629 3591 cum
1646 3505 1686 3587 S.
1708 3504 1961 3616 Hieronymo

574 3617 693 3706 velim
718 3616 927 3720 conferre3
952 3647 1083 3735 neque
1109 3621 1196 3735 ejus
1213 3621 1435 3735 exemplum
1455 3622 1546 3708 ideo
1570 3620 1759 3739 profero,
1784 3646 1832 3707 ut
1846 3619 1963 3734 quod

572 3731 649 3937 {pti
673 3735 814 3840 licuit,
833 3737 931 3823 mihi
948 3738 1095 3856 pariter
1120 3739 1260 3829 liceat.
1278 3739 1357 3823 Sed
1372 3740 1767 3854 praeterquamquod
1796 3768 1880 3825 non
1897 3766 1960 3823 ea·

605 3880 671 3939 em
686 3880 743 3943 est
759 3855 861 3942 ratio
884 3884 1018 3942 sacrae
1035 3857 1204 3973 paginae
1220 3918 1235 3958 ,
1260 3880 1300 3943 et
1316 3858 1601 3969 Hymnorum,
1617 3855 1691 3970 qui
1717 3856 1758 3940 in
1778 3854 1959 3943 Ecclesiis

572 3968 844 4059 decantantur
861 4035 876 4075 ,
891 4001 977 4057 non
1003 3972 1104 4059 illud
1129 3973 1226 4061 mihi
1245 3974 1499 4090 propositum
1513 4000 1599 4076 est,
1617 3998 1691 4073 ut,
1716 4004 1819 4087 quas
1841 3972 1959 4059 exhi-

573 4087 682 4191 beo,
702 4094 963 4203 Hymnorum
979 4092 1279 4181 emendationes
1299 4095 1522 4208 probentur
1539 4089 1788 4204 ,aeneisque
1804 4087 1963 4208 praese·

572 4230 746 4309 rantur,
762 4206 833 4295 sed
853 4208 952 4294 illud
968 4208 1099 4296 solum
1113 4273 1128 4311 ,
1144 4236 1192 4299 ut
1208 4214 1396 4324 llymnos
1425 4200 1671 4297 correctione
1702 4238 1814 4325 egere
1834 4233 1963 4295 osten-

573 4322 699 4429 dam,
726 4325 811 4414 sine
826 4325 980 4444 pietatis
998 4323 1219 4415 offensione
1243 4328 1388 4445 corrigi
1420 4357 1530 4446 posse
1558 4329 1857 4431 demonstrem,
1874 4353 1959 4410 me-

571 4435 767 4559 lioreaque
786 4473 875 4531 meo
895 4447 1076 4562 exemplo
1089 4447 1281 4546 excitem,
1298 4472 1346 4532 ut
1363 4508 1376 4547 ,
1392 4445 1592 4560 siquidem
1610 4474 1724 4535 meus
1741 4447 1852 4537 labor
1869 4468 1957 4526 non

571 4556 788 4677 placuerit,
806 4592 957 4656 novam
973 4564 1046 4683 ipsi
1063 4595 1227 4686 operam
1241 4564 1478 4679 collocent(
1501 4562 1557 4679 ).

620 4752 674 4833 (r)
695 4743 733 4812 ln
748 4742 892 4814 Praefat.
905 4737 950 4816 ‘sd
966 4747 1234 4819 Pentatheucunt
1286 4749 1519 4821 demLibrum
1536 4750 1617 4834 lob.

620 4846 677 4935 (2)
704 4837 901 4911 lnl'raeftt·
928 4845 970 4916 td
997 4843 1232 4930 Librumlob.
1319 4851 1372 4943 (4)
1389 4834 1950 4933 lnl'raefationeinEvangelistas.

618 4934 1116 5034 <sileniten1³raentronetn
1137 4962 1236 5016 eum·
1334 4950 1394 5038 (a).
1411 4945 1527 5018 Verba
1558 4939 1714 5013 Andreae
1733 4934 1842 5009 Marci
1860 4936 1949 5006 Bur·
