5084 6234
837 827 1480 916 ECCLESIASTICIS
1773 862 1851 919 201

474 970 675 1062 Pontiheis
709 969 761 1053 ad
791 971 951 1058 Laudes
980 976 1143 1089 stropha
1163 1005 1200 1087 3.
1219 974 1317 1085 (a),
1349 970 1456 1056 Anni
1471 1001 1621 1058 reverso
1654 1004 1858 1089 temperer

468 1094 566 1179 Dies
582 1088 730 1201 refulsit
744 1087 885 1174 lumine
902 1153 915 1187 ,
931 1139 953 1153 -
966 1091 1056 1199 Quo
1071 1095 1236 1178 Sanctus
1253 1091 1313 1177 lric
1325 1095 1371 1173 de
1386 1121 1538 1204 corpore
1554 1140 1575 1157 ·
1585 1092 1784 1213 Migrnvit
1797 1094 1856 1181 in·

469 1231 526 1295 ter
540 1211 660 1295 sidera
680 1270 690 1290 .
726 1210 836 1291 Haec
852 1232 984 1292 tamen
1011 1212 1177 1325 stropha
1194 1207 1408 1294 mutationi
1427 1239 1511 1291 non
1528 1210 1738 1325 subjacet,
1765 1209 1853 1298 ΐοι-Ι

470 1351 507 1414 te
527 1327 624 1442 quia
657 1321 808 1435 refulsit
839 1329 1095 1440 praeteritum
1123 1353 1204 1427 est,
1228 1357 1358 1440 neque
1376 1324 1523 1412 dicitur
1542 1329 1634 1413 ltaec
1652 1330 1763 1415 dies.
1795 1332 1854 1419 Ut

471 1445 484 1528 i
512 1444 592 1531 itur
611 1444 719 1528 nulla
740 1443 782 1526 in
804 1445 865 1529 his
884 1449 1052 1561 supersit
1068 1446 1281 1532 difficultas
1298 1509 1312 1546 ,
1329 1446 1509 1557 hymnus
1527 1473 1615 1529 non
1648 1447 1867 1563 designet,

470 1477 577 1647 dem
593 1589 780 1661 certum,
805 1591 890 1673 quo
925 1566 1117 1666 canitur,
1141 1564 1261 1650 fuisse
1293 1562 1554 1649 emortualem
1579 1566 1744 1666 Sancti,
1775 1564 1850 1679 qui

472 1681 694 1768 celebratur
711 1743 725 1780 ,
764 1679 860 1764 nesi
879 1683 1089 1769 translatio¹
1108 1683 1232 1769 officii
1248 1684 1317 1767 fiat
1333 1682 1375 1764 in
1392 1681 1518 1764 'alium
1535 1683 1639 1767 diem
1659 1747 1672 1783 ‚
1698 1709 1770 1769 aut
1784 1681 1854 1766 fal·

470 1827 562 1883 sum
591 1793 808 1931 narretur,
842 1827 914 1887 aut
946 1805 1103 1891 neeesse
1133 1801 1213 1902 sit,
1246 1830 1407 1891 versum
1436 1799 1610 1915 aliquem
1649 1802 1691 1889 in
1728 1801 1853 1890 alium

473 1942 714 2005 commutari
734 1978 744 2001 .

1004 2042 1152 2153 Regula
1169 2071 1269 2127 nonu
1288 2104 1300 2125 .

658 2158 703 2241 in
716 2185 906 2290 postremq
920 2159 1054 2276 dymni
1067 2164 1219 2276 stropha
1237 2161 1460 2280 Doxologin
1477 2191 1650 2279 semper,

837 2296 874 2359 et
891 2279 1024 2362 idonea
1042 2280 1186 2364 ratione
1203 2279 1444 2392 exprimatur
1464 2342 1475 2362 .

488 2430 493 2441 ·
539 2418 636 2505 229·
671 2391 900 2510 Doxologia
928 2395 1025 2511 (b),
1057 2397 1138 2486 sive
1166 2395 1414 2482 Glotificatio
1438 2400 1506 2482 SS.
1522 2395 1732 2483 Trinitatis
1765 2420 1855 2526 quo

487 2709 492 2720 ·
522 2675 576 2763 (a)
599 2673 718 2746 P'ures
734 2682 948 2770 quaestiones
963 2683 1002 2749 ad
1019 2676 1131 2749 rubri·

474 2791 591 2842 catum
616 2778 657 2843 de
676 2777 810 2867 hymnis
825 2777 1035 2868 disciplinam
1054 2798 1130 2867 pet·

470 2866 612 2942 sinentes
643 2873 790 2961 explicat
819 2877 989 2969 Guyetus
1005 2874 1077 2944 Lib.
1095 2894 1128 2963 3.

466 2981 579 3068 cap.5.
594 2987 761 3065 quaeram
782 2974 940 3044 nimirum
961 2978 1127 3067 hymnum

464 3065 589 3148 debete
607 3090 678 3137 esse
710 3069 890 3142 iambicum
911 3072 1127 3152 dimetrum,

463 3179 502 3233 ut
518 3163 552 3234 in
568 3165 685 3247 iestis,
715 3184 748 3237 et
763 3173 891 3239 octavis
906 3167 1038 3239 Christi
1059 3170 1131 3237 Do·

465 3261 548 3332 mini
567 3310 579 3345 ,
594 3280 629 3333 et
646 3263 815 3351 Deiparae
846 3265 1019 3338 conclusio
1034 3289 1129 3337 com·

464 3359 576 3431 munis
591 3380 745 3434 mutetur
760 3388 770 3445 3
784 3389 856 3435 esse
872 3368 1125 3437 conclusionem

464 3459 637 3552 proiciam
653 3508 663 3540 ,
678 3483 743 3529 non
759 3487 971 3535 communem
987 3514 998 3543 ,
1016 3462 1046 3533 in
1062 3467 1128 3560 hy·

468 3560 552 3632 mnis
567 3582 661 3650 vesp.
676 3578 708 3629 et
724 3581 842 3633 matut.
860 3583 1013 3652 tempore
1032 3561 1127 3653 Qua·

467 3653 700 3749 dragesimae‚
731 3677 764 3730 et
798 3664 838 3730 ad
867 3660 980 3730 laudes
999 3660 1032 3729 8.
1056 3661 1125 3729 Ma·

467 3751 534 3826 riae
552 3754 771 3848 Magdalenae
789 3805 799 3823 .
824 3758 948 3846 Capite
965 3777 1048 3825 vero
1068 3777 1122 3844 13·

468 3848 529 3952 tib,
543 3873 576 3952 3?
601 3871 726 3949 quaest.
744 3855 776 3923 8.
792 3857 892 3924 docet
919 3903 929 3934 ‚
958 3855 1038 3945 quid
1070 3878 1124 3925 ca·

465 3956 612 4023 vendam
631 3950 663 4021 in
677 3956 832 4045 hymno,
858 3962 923 4021 iste
943 3949 1120 4037 confessor,

463 4049 630 4121 affirmans
648 4052 852 4122 breviarium
874 4050 1070 4133 parisiense,
1087 4069 1120 4122 et

460 4143 639 4218 Meldense
684 4151 843 4222 omittere
889 4147 920 4218 in
966 4147 1119 4221 laudibus

461 4245 553 4330 hunc
571 4267 728 4316 versum:
758 4255 836 4335 Qec
855 4256 990 4319 Sanctus
1009 4249 1061 4319 hir
1081 4252 1118 4319 le

462 4357 625 4440 corpore.
654 4344 716 4414 Sed
736 4350 1025 4440 conferenduslest
1053 4348 1120 4418 Ca·

463 4441 611 4513 vanius
627 4454 706 4509 tom.
723 4467 751 4510 t.
766 4461 898 4537 cap.13.
917 4448 1044 4515 decreto
1061 4448 1120 4514 hu·

458 4541 512 4624 ius
529 4540 646 4634 capitis
662 4550 688 4607 1.
704 4541 737 4609 ia
751 4545 863 4613 ordine
883 4561 998 4633 332.et
1015 4546 1119 4615 tribus

462 4640 599 4709 decretis
631 4639 840 4733 sequentibus
868 4690 878 4722 ,
909 4642 967 4734 qui
995 4645 1119 4714 diserte

460 4739 596 4811 tradit,
626 4739 837 4831 quandonam
870 4740 937 4812 dici
968 4746 1118 4825 debeat,

459 4839 588 4906 Metuit
603 4855 770 4933 supremos
787 4841 906 4908 Laudis
919 4839 1122 4921 honorosus·

460 4955 573 5005 terens
589 4935 671 5006 infra
686 4957 838 5008 octavam
852 4937 925 5006 festi
942 4936 1037 5007 indie
1050 4938 1121 5007 obl·

461 5047 516 5107 aua
531 5034 692 5112 celebrati
709 5040 888 5113 dicendum
905 5058 999 5122 essee
1022 5043 1120 5112 Scan·

1464 2515 1598 2616 Ce,

1192 2678 1269 2745 dere
1285 2680 1402 2749 sedes.
1432 2675 1580 2770 Quaerit
1596 2674 1697 2745 etiam
1714 2695 1804 2754 ‚cur
1819 2671 1852 2743 in

1191 2772 1393 2868 quibusdam
1419 2776 1618 2846 Sanctorum
1638 2770 1852 2842 orationibus

1190 2876 1335 2945 verbum
1348 2874 1504 2947 natalitia
1521 2873 1551 2942 in
1563 2868 1777 2942 translatione
1787 2879 1854 2939 nod

1191 2990 1345 3044 mutetur
1361 3022 1373 3055 ,
1410 2990 1443 3042 et
1460 2972 1492 3041 in
1508 2968 1622 3039 officio
1637 2966 1856 3055 Conceptio·

1190 3071 1240 3141 nis
1255 3070 1354 3141 etiam
1371 3085 1466 3141 extra
1482 3068 1571 3137 diem
1598 3063 1775 3156 proprium
1792 3108 1803 3141 ,
1818 3077 1853 3132 et

1188 3186 1344 3239 octavam
1364 3167 1559 3259 proferatur
1574 3164 1855 3251 antiphonaecott·

1188 3266 1295 3363 ceptio
1312 3266 1467 3337 esthodie
1482 3312 1493 3332 .
1508 3261 1611 3332 Plura
1629 3260 1729 3330 etiam
1747 3258 1853 3329 habet
1944 3312 1948 3320 .

1190 3366 1232 3435 de
1250 3363 1400 3460 Hymnis
1414 3353 1853 3451 S.Hermenegildi‚S.Mar·

1190 3462 1303 3543 tinae,
1332 3464 1365 3534 S.
1383 3457 1568 3539 Venantii,
1602 3457 1635 3526 8.
1664 3450 1852 3532 Teresiae‘,

1187 3574 1271 3630 ,Ave
1291 3562 1399 3630 Maris
1415 3558 1542 3637 Stella,
1561 3557 1594 3626 8.
1608 3548 1747 3643 josephi
1763 3598 1773 3620 .
1788 3546 1850 3660 Fa·

1186 3657 1285 3728 cilius
1304 3657 1442 3750 quidem
1459 3672 1510 3725 est
1534 3676 1577 3722 ex
1593 3647 1736 3720 rubricis
1763 3646 1848 3738 qutd

1184 3757 1351 3847 agendum
1369 3752 1436 3830 sit,
1455 3749 1621 3828 definire,
1648 3766 1748 3839 quam
1767 3764 1848 3834 pro-

1183 3852 1272 3943 prias
1301 3849 1549 3937 uniucujusque
1580 3840 1775 3916 mutationis
1797 3861 1848 3911 ta·

1182 3949 1293 4020 tiones
1307 3946 1507 4039 explorare.
1521 3946 1576 4014 De
1593 3943 1625 4012 8.
1641 3939 1776 4013 Teresia
1791 3936 1844 4008 bis

1182 4048 1214 4119 in
1235 4071 1321 4120 anno
1338 4046 1521 4118 recitabant
1534 4040 1676 4129 Hispani
1697 4033 1843 4108 diversis

1180 4146 1300 4218 diebus
1318 4150 1484 4241 hymnum
1504 4139 1630 4212 Urbani
1646 4135 1843 4208 vnlnere

1182 4246 1336 4323 caedier,
1367 4267 1434 4340 qua
1463 4241 1624 4314 candidae
1656 4240 1842 4306 testarer·

1183 4341 1316 4414 lumbrae
1331 4342 1493 4413 Caelitum
1519 4340 1582 4409 uid
1598 4358 1694 4408 sacra
1713 4328 1847 4425 templa·

1182 4442 1323 4535 Spiritus
1378 4447 1416 4509 Se
1457 4435 1631 4508 transtulit
1660 4429 1840 4502 Teresiae.

1182 4542 1246 4611 Seo
1274 4563 1359 4608 anno
1379 4538 1485 4627 1738.
1501 4541 1533 4606 8.
1551 4533 1621 4607 Rit.
1639 4532 1846 4636 Congrege-¹

1180 4640 1228 4711 tio
1241 4637 1338 4722 jussit
1354 4685 1364 4717 ,
1393 4634 1424 4703 in
1440 4634 1526 4704 festo
1546 4628 1846 4701 transverberatio·¹

1182 4735 1231 4809 nis
1246 4734 1314 4806 dici
1331 4764 1341 4805 ε
1357 4734 1447 4803 rettx
1462 4733 1555 4811 dies,
1581 4750 1647 4823 qua
1662 4723 1843 4795 candidae.

1231 4833 1283 4923 (b)
1308 4833 1468 4924 Hymnus
1482 4826 1668 4921 Angelieut
1681 4871 1692 4904 ‚
1704 4824 1773 4891 sive
1790 4819 1844 4896 Se·

1182 4930 1339 5020 saphicus
1352 4976 1363 5006 .
1376 4927 1491 4998 Gloria
1505 4928 1539 4997 in
1554 4924 1690 4997 excelsis
1703 4928 1772 4992 Deo
1786 4920 1840 5026 dt·

1179 5028 1212 5104 ci
1239 5027 1342 5103 etiarn
1370 5026 1458 5104 tolet
1474 5022 1689 5120 horologia,
1714 5033 1755 5089 et
1781 5012 1842 5104 alt·
1946 5077 1951 5089 ,
