5084 6234
845 800 1495 897 ECCLESl-ASTlGlS
1776 836 1858 929 145

472 955 681 1055 citantur,
706 946 839 1070 plures
855 948 1088 1036 confecisset
1104 1012 1117 1050 ,
1135 976 1203 1033 eos
1222 951 1413 1037 dedicans
1432 946 1647 1038 Cardinali
1668 954 1860 1060 Bullonio

472 1073 649 1191 Principi
665 1070 715 1157 de
731 1070 863 1155 Turre
894 1066 1119 1157 Arverniae
1136 1127 1150 1169 ,
1168 1068 1319 1157 Abbati
1338 1131 1351 1170 ,
1383 1068 1524 1184 Capiti
1542 1133 1557 1171 ‚
1589 1100 1627 1159 et
1647 1071 1872 1189 Superiori,

474 1191 663 1280 Generali
694 1185 966 1290 Monasterii,
994 1210 1036 1274 et
1067 1186 1225 1274 ordinis
1241 1186 1557 1293 Cluniacensis,
1589 1191 1644 1278 ita
1674 1192 1787 1282 canit
1804 1189 1853 1281 de

473 1309 562 1433 ipso
578 1307 801 1399 Cardinale
817 1306 1009 1421 loquens:
1490 1383 1492 1387 ,

478 1481 484 1499 ·
591 1435 796 1517 Pertaesus
810 1423 892 1540 jam
909 1423 1068 1509 dudum
1095 1424 1211 1509 haud
1231 1455 1361 1541 aequa
1380 1451 1510 1513 mente
1527 1425 1680 1518 ferebat

590 1545 846 1663 Simplicitate
862 1542 1012 1645 rudes,
1042 1569 1081 1631 et
1096 1545 1298 1661 majestate
1311 1545 1514 1631 Tonantis

590 1669 690 1753 Non
702 1662 847 1777 dignos
865 1660 998 1765 adeo,
1025 1693 1130 1778 quos
1148 1692 1257 1749 error
1272 1665 1479 1781 scripserat
1496 1666 1672 1778 hymnos

589 1788 803 1870 Praetextu
827 1781 1015 1900 pictatis,
1047 1806 1087 1868 et
1110 1782 1341 1898 ignorantia
1359 1809 1530 1873 vatum.

469 1905 525 1994 Et
540 1904 583 1988 in
599 1900 779 1989 carmine
795 1930 908 2014 ,quo
920 1898 1079 1987 inducit
1092 1903 1132 1985 S.
1147 1902 1451 2016 Hunegundern
1467 1928 1726 2017 querentem,
1749 1902 1869 2021 quod

370 2117 380 2127 „
474 2022 612 2117 Abbas
628 2022 804 2133 hymnos
826 2018 913 2137 ejus
931 2046 1060 2109 novos
1076 2018 1313 2137 neglexisset
1341 2082 1352 2105 .

492 2179 498 2185 -
1132 2141 1342 2226 Hactenus
1355 2141 1532 2253 hymnos
1547 2204 1563 2244 ‚

587 2256 709 2373 Quos
725 2281 765 2345 et
776 2256 1012 2358 barbaries,
1041 2282 1081 2343 et
1098 2255 1274 2343 mendax
1291 2259 1461 2347 cuderat
1476 2289 1616 2363 error,

480 2412 486 2425 ·
590 2380 800 2462 Romanae
825 2376 985 2491 linguae
1002 2375 1295 2493 opprobrium,
1329 2404 1547 2495 turpesque
1563 2378 1709 2495 prioris

595 2493 699 2584 nevi
718 2494 917 2607 relliquias
932 2525 1063 2582 vanae
1083 2493 1218 2581 deliria
1243 2497 1388 2582 mentis

591 2615 677 2699 Hos
694 2644 768 2730 ego
787 2614 893 2702 Diva
909 2645 1032 2701 sonos
1050 2614 1188 2699 animo
1207 2612 1446 2733 indignante
1463 2614 1645 2704 ferebam
1663 2677 1674 2699 .
1788 2677 1800 2692 .

470 2727 672 2820 Obtinuit
689 2762 854 2818 causam
881 2730 925 2818 S.
952 2731 1438 2851 Hunegundis,curante
1454 2733 1645 2822 Antistite
1659 2733 1767 2820 loci.
1801 2732 1863 2838 si,

475 2851 607 2939 mitem
623 2880 788 2939 causam
802 2879 926 2969 agens
943 2852 1154 2939 inducitur
1175 2881 1197 2937 a
1217 2853 1400 2943 Santolio
1417 2853 1692 2970 SMaglorius
1723 2853 1766 2939 in
1781 2852 1864 2940 alio

474 2997 677 3057 carmine.

588 3088 836 3205 lgnoscenda
855 3084 1023 3203 quidem
1040 3090 1276 3178 rudioribus
1292 3092 1456 3179 horrida
1473 3091 1583 3178 seclis

503 3243 504 3247 ¹
589 3206 803 3293 harbaries
817 3207 897 3294 fuit
911 3238 941 3307 ς,
959 3233 1000 3292 at
1016 3238 1233 3325 postquam
1252 3239 1350 3327 gens
1367 3211 1530 3330 pinguis
1547 3241 1721 3302 avorum

591 3326 756 3411 secessit
771 3326 913 3444 procul
929 3388 944 3427 ,
970 3327 1132 3417 incultis
1146 3358 1244 3446 gens
1259 3358 1396 3446 aspera
1414 3329 1538 3417 musis
1552 3393 1567 3433 ,

594 3442 861 3529 Credideram
874 3445 993 3530 simul
1008 3448 1165 3564 ignotas
1180 3448 1322 3537 abiisse
1334 3454 1412 3539 sub
1428 3480 1549 3551 oras,

486 3621 489 3628 -
561 3559 565 3565 '
586 3562 642 3652 Et
655 3561 808 3651 cessisse
825 3563 915 3653 loco
932 3565 1095 3653 foedam
1112 3566 1340 3684 squallore,
1372 3568 1534 3682 situque

474 3820 608 3894 &oceri
623 3821 659 3892 n·
675 3822 966 3895 Franciaservono
980 3847 1001 3895 a
1017 3838 1129 3895 canta·
1187 3847 1257 3919 γε,
1277 3820 1431 3895 Marchio
1446 3824 1490 3895 de
1506 3820 1660 3901 Robiat,
1684 3815 1716 3891 la
1742 3816 1860 3903 nosse,

474 3944 511 3993 re
525 3921 555 3992 le
570 3920 641 3992 lodi
656 3918 732 3993 decc
745 3922 926 3993 altissimo
943 3971 954 4004 ,
974 3923 1127 3993 cacele·
1187 3918 1370 4002 cenauit,
1386 3923 1582 4001 Damchet,
1598 3916 1761 4009 Dupuis,
1789 3918 1863 3991 Fal·

460 4018 594 4095 ,hearne
607 4020 621 4088 r'
635 4020 760 4106 misceri
778 4069 789 4091 .
816 4030 863 4091 La
878 4018 951 4091 lnce
966 4023 1125 4117 spiritus·
1187 4020 1236 4093 dit
1250 4068 1262 4102 ,
1292 4018 1520 4112 bosquillon,
1559 4016 1743 4099 Vaultier,
1774 4016 1863 4090 Die·

475 4114 538 4205 le,
567 4115 729 4212 lapiecd,
754 4118 983 4192 ladioozr‘one
1003 4117 1127 4190 de'sen·
1187 4117 1310 4190 reville
1324 4166 1336 4202 ,
1363 4117 1423 4189 Du
1453 4118 1596 4198 certer,
1624 4114 1744 4210 Bosy,
1770 4114 1859 4187 Ben-

477 4214 612 4284 timenn'
626 4213 850 4294 ‚resarum
867 4216 953 4288 della
968 4219 1126 4298 doctrina,
1189 4219 1307 4289 secede
1325 4264 1338 4298 ‚
1368 4215 1487 4288 Saurin
1514 4265 1526 4301 ,
1557 4214 1709 4310 aliique.
1738 4213 1862 4289 Santo-

476 4308 500 4384 l'
509 4309 696 4402 elegam,
727 4315 794 4387 ela
818 4314 918 4404 foras
936 4316 967 4387 ci
996 4319 1129 4388 derecto
1191 4312 1258 4387 lius
1284 4319 1373 4386 inter
1403 4316 1614 4397 versiones,
1645 4334 1727 4406 quas
1744 4311 1863 4395 vidit,
1906 4363 1908 4368 -

473 4408 710 4503 aaravtgtia.
737 4412 914 4509 Quantum
944 4438 1028 4487 vero
1052 4417 1133 4486 San·
1192 4413 1446 4509 Monnoyanam
1467 4413 1706 4508 praelerebat.
1733 4410 1788 4480 An
1804 4432 1863 4483 au·
1917 4501 1919 4506 ,

477 4509 813 4584 toliosuodeleetati
830 4512 896 4584 sint
911 4514 1032 4598 Galli,
1059 4511 1133 4585 nul·
1193 4530 1261 4584 tem
1290 4511 1383 4584 Galli
1411 4536 1524 4585 rerum
1556 4532 1694 4583 suarum
1722 4506 1864 4593 stud-io,
1907 4560 1909 4564 -

478 4601 589 4677 laalia
616 4629 669 4677 res
689 4607 794 4703 magis
823 4611 1001 4696 ostendit,
1030 4634 1131 4707 quam
1191 4627 1226 4680 et
1244 4609 1415 4682 amorein
1446 4609 1606 4681 laudibus
1641 4603 1782 4675 Santolii
1813 4610 1867 4688 οἷς
1902 4656 1904 4659 -

474 4714 554 4787 tot,
584 4719 722 4799 tamque
736 4709 866 4803 egregii
897 4709 993 4792 viri,
1022 4709 1131 4805 quiin
1193 4706 1300 4780 mium
1348 4708 1601 4799 processerint,
1632 4701 1707 4774 aliis
1731 4701 1864 4786 diiudi-

475 4802 550 4883 eiua
563 4802 699 4897 hymnis
711 4806 836 4899 gallice
851 4808 1031 4887 reddendis
1046 4830 1131 4897 ope·
1191 4808 1337 4876 candum
1355 4803 1534 4895 relinques
1562 4803 1620 4876 sed
1636 4798 1783 4873 videnda
1799 4826 1861 4874 aa·

450 4917 548 4969 -ram
585 4900 799 4976 collocarunt
847 4929 940 4977 suam
968 4955 980 4989 ,
1009 4898 1130 4975 Petrus
1190 4918 1224 4971 te
1240 4918 1291 4971 est
1305 4900 1492 4997 Appendix
1505 4902 1571 4980 111.
1597 4918 1674 4998 post
1703 4899 1863 5006 Hymnu-

473 4994 682 5087 cornute,
699 5002 891 5091 neuun,
916 5004 966 5079 Le
984 5003 1131 5081 Monto-
1189 4996 1306 5075 ‘lim‘
1336 5102 1339 5108 .
