5084 6234
592 947 761 1035 »ιιι
1090 916 1626 1028 ‘DEulMle

668 1080 795 1158 'tarem
813 1059 888 1148 sibi
908 1056 1143 1176 adjudicent
1158 1061 1415 1175 particulares
1447 1059 1533 1145 illae
1548 1059 1774 1161 Ecclesiae,
1859 1090 1904 1148 ae
1923 1092 2066 1152 eorum

673 1181 917 1267 Sanctorum
947 1178 1172 1293 patrocinio
1209 1181 1418 1294 gaudent,
1451 1205 1490 1266 et
1521 1179 1779 1297 gloriantur.
1798 1090 1905 1268 ‘ih
1911 1184 2064 1297 quibus

670 1301 785 1418 plura
807 1328 896 1382 sum
913 1298 954 1379 in
973 1297 1056 1410 ipsa
1073 1299 1292 1430 Hpranodiu
1323 1298 1553 1415 singillatim
1588 1298 1800 1385 dicturus.
1835 1298 1970 1386 Video
1999 1327 2065 1389 ta·

671 1447 789 1518 men
794 1415 878 1501 fore
916 1415 1112 1527 aliquos,-
1133 1416 1204 1527 qui
1238 1446 1328 1516 me,
1359 1419 1461 1502 dum
1485 1446 1641 1504 errores
1673 1418 1846 1503 aliorum
1876 1418 2063 1537 corrigo,

673 1565 792 1651 atque
826 1565 954 1625 novos
988 1534 1162 1648 hymnos
1195 1531 1352 1634 efficio,
1386 1535 1466 1623 labr
1482 1562 1628 1654 saepe
1661 1562 1701 1620 et
1732 1565 1893 1639 errare,
1928 1566 2060 1653 neque

674 1658 789 1744 datas
820 1652 976 1770 regulas
1005 1679 1165 1741 servate
1198 1649 1556 1750 animadvertant,
1592 1652 1714 1768 idque
1735 1684 1851 1774 turpe
1890 1686 1970 1741 esse
1991 1655 2065 1743 cla·-

670 1800 809 1863 ment.
845 1772 1013 1886 Quibus
1030 1771 1202 1860 breviter
1232 1796 1289 1857 est
1305 1772 1665 1889 respondendum.
1696 1775 1840 1859 Errata
1853 1774 2086 1884 quaedam‘

674 1894 718 1983 in
718 1896 901 2031 hymnis
934 1891 1113 2005 antiquis
1144 1890 1336 1977 crassiora
1355 1922 1416 1977 me
1437 1891 1780 2007 deprehendisse,
1793 1920 1924 1977 nemo
1952 1923 2066 1979 unus

671 2015 776 2113 erit,
815 2014 888 2125 qui
922 2037 1065 2123 neget.
1094 2008 1157 2091 Ea
1188 2008 1438 2109 emendare,
1473 2038 1512 2093 et
1546 2007 1718 2127 effugere
1734 2042 1886 2127 opera
1919 2034 1959 2095 et
1976 2037 2066 2097 stu

671 2132 773 2232 dio,
804 2160 932 2243 quam
950 2155 1121 2211 matume
1138 2153 1291 2243 potut
1323 2154 1494 2213 conatus
1511 2157 1633 2229 sum
1666 2159 1719 2212 an
1737 2128 1780 2213 td
1796 2128 1942 2215 luerrm
1960 2157 2067 2215 asse«

592 2352 595 2357 .
670 2274 818 2349 cutus,
845 2248 910 2334 alii
938 2244 1157 2335 viderint
1181 2243 1354 2359 Srqurs
1345 2268 1496 2332 tnterea
1529 2276 1637 2337 nova
1653 2276 1844 2365 peccata
1877 2250 1921 2331 in
1957 2277 2064 2361 quae

667 2395 742 2482 ego
760 2365 1000 2466 inciderim,
1033 2364 1226 2498 corrigere
1261 2364 1466 2466 voluerit,
1490 2349 1614 2480 idque
1628 2397 1679 2453 eo
1696 2366 1833 2452 animo
1850 2365 2066 2500 aggredia-¹

667 2511 766 2589 tur,
798 2509 845 2571 ut
875 2427 1021 2597 hymrii
1054 2481 1265 2597 Hispanici
1298 2483 1608 2601 praestantiores
1640 2484 1850 2588 evadant,
1885 2514 1962 2570 nae
2001 2484 2062 2569 ille

581 2680 584 2688 .
667 2635 829 2695 mecum
842 2602 987 2702 factet
1016 2601 1253 2717 gaudioque
1282 2602 1634 2719 magnoafficiar,
1663 2607 1780 2716 quod
1801 2550 2023 2713 functus
1983 2631 2065 2689 arce

667 2725 761 2814 cotis
778 2754 863 2807 non
880 2721 1010 2806 solum
1029 2716 1201 2833 regulis,
1225 2720 1337 2804 sed
1328 2720 1421 2838 apsis
1436 2750 1603 2836 quoque
1622 2722 1838 2810 erroribus
1862 2726 1939 2810 hoc
1958 2751 2067 2858 opus

674 2840 933 2975 adjuverim.
964 2839 1035 2922 Sin
1056 2864 1191 2923 autem
1207 2838 1375 2926 libidine
1392 2844 1573 2954 quadam
1588 2841 1805 2927 exercendi
1838 2842 2063 2929 censoriam

669 2959 824 3077 vitgam
854 2957 898 3042 in
932 2957 1104 3043 aliorum
1135 2986 1284 3075 opera,
1316 2986 1442 3073 aqua
1475 2988 1535 3044 me
1575 2958 1745 3044 omnino
1780 2960 1959 3044 ahenum
1975 2983 2062 3044 esse

671 3080 911 3195 profiteor,
922 3104 1097 3193 praeque
1115 3106 1175 3162 me
1192 3077 1309 3179 lero,
1341 3105 1431 3163 mea
1448 3076 1549 3167 vitia
1569 3077 1716 3212 aliquis
1732 3079 1976 3195 patefaciat,
2005 3077 2066 3161 nia

671 3198 916 3296 hilominus‚
925 3194 1035 3290 dum
1053 3195 1241 3298 erudiar,
1259 3225 1392 3311 aequo
1409 3196 1548 3283 animo
1565 3196 1724 3316 patiar.
1758 3199 1857 3283 Non
1874 3198 1984 3304 enim
2001 3196 2062 3280 la

670 3317 820 3403 borem
830 3317 951 3398 hunc
955 3313 1154 3427 defugere
1177 3316 1331 3415 debui,
1359 3315 1570 3430 quamvis
1582 3316 1936 3433 reprehensoribus
1967 3347 2062 3404 eum
2141 3356 2143 3361 ·

672 3433 902 3528 obnoxium
929 3460 1033 3526 esse
1043 3460 1129 3514 non
1131 3432 1371 3547 ignorem
1365 3436 1442 3522 Et
1472 3459 1521 3520 ut
1553 3436 1710 3535 fatear,
1743 3437 1865 3548 quod
1895 3467 1954 3523 res
1973 3453 2062 3536 est,¹

672 3582 769 3648 cum
799 3580 953 3642 meam
962 3550 1149 3665 operam
1148 3550 1203 3634 in
1213 3549 1491 3661 quibusdam.
1499 3551 1685 3667 hymnis.
1696 3582 1792 3636 non
1815 3554 2062 3670 displicuisse

673 3669 833 3762 Exteris
859 3666 1168 3805 intellexissem,
1161 3668 1415 3785 periculum
1446 3669 1627 3760 facere!
1606 3669 1761 3786 juvit,
1768 3701 1848 3757 .an
1883 3672 2061 3763 Civibus

676 3820 843 3909 quoque
863 3790 959 3877 meis
974 3786 1017 3872 in
1037 3818 1086 3875 eo
1102 3817 1245 3907 genere
1262 3791 1447 3905 placere,
1477 3816 1550 3877 aut
1566 3790 1685 3875 etiam
1702 3769 1886 3925 prodesse
1904 3792 2063 3905 aliqua-

677 3936 798 4010 tenus
813 3939 995 4041 possem
1027 3909 1088 3996 Et
1096 3937 1360 4024 quocumque
1374 3910 1556 3997 demum
1574 3908 1655 3996 alea
1673 3908 1905 4012 cecidisset,
1936 3913 2066 3994 hone·
2094 3896 2104 3911 ’

680 4029 873 4128 stiorem,
908 4053 946 4113 et
961 4025 1251 4161 jucundiorem
1273 4031 1382 4114 hanc
1408 4026 1729 4161 occupationem
1727 4057 1816 4113 esse
1847 3973 2065 4115 arbitratus

679 4162 800 4247 sum,
834 4174 960 4259 quam
974 4172 1008 4229 ιι
997 4142 1104 4229 ad
1094 4171 1303 4257 ingratum
1317 4147 1483 4266 abquod
1496 4170 1731 4263 negotium
1749 4169 1835 4231 aut
1848 4145 1902 4230 ad
1917 4171 2063 4249 utrum,

577 4381 580 4388 Ι
680 4209 800 4418 quod
814 4262 976 4390 negotio
991 4262 1136 4383 quovis
1150 4262 1349 4383 ingratius
1364 4292 1450 4371 est,
1470 4264 1652 4354 animum
1675 4261 1942 4381 applicarem·
