5084 6234
602 845 661 940 aa
1013 812 1543 931 uanrnnrs

598 982 749 1102 acepit:
769 1006 855 1092 tum
873 982 971 1099 quia
987 984 1102 1101 plura
1121 985 1265 1087 refert,
1299 1009 1404 1099 quae
1423 985 1466 1067 in
1480 985 1565 1099 ejus
1581 977 1766 1101 temporis
1786 980 1983 1070 Christia-

603 1103 667 1191 nis
690 1099 946 1204 emicabant,
971 1130 1105 1216 neque
1139 1102 1262 1204 alibi,
1288 1128 1359 1188 aut
1392 1103 1504 1217 apud
1531 1102 1627 1188 alios
1655 1131 1841 1213 unquam
1867 1124 1980 1187 tanto

591 1217 762 1310 virtutis
786 1222 957 1319 ardore,
992 1245 1187 1336 tantaque
1223 1218 1357 1304 animi.
1383 1219 1640 1305 contentione
1671 1220 1983 1308 fueruntobser·

600 1364 726 1437 vata,
753 1361 842 1424 tum
857 1340 953 1452 quia
969 1339 1047 1424 hoc
1063 1338 1199 1424 saltem
1233 1335 1499 1423 tribuendum
1524 1364 1583 1424 est
1601 1335 1827 1422 auctoritati
1859 1341 1981 1425 Euse-

599 1454 687 1553 bii,
715 1451 759 1538 S.
777 1455 1045 1565 Hieronymi,
1076 1453 1327 1571 Epiphanii,
1356 1479 1396 1539 et
1421 1453 1620 1553 aiiorum,
1645 1453 1718 1564 qui
1749 1456 1979 1564 noneolum

596 1574 842 1689 opusculum
873 1572 1050 1661 Philonis
1071 1572 1132 1657 de
1152 1570 1396 1658 Christianis
1424 1570 1732 1669 intellexerunt,
1767 1572 1839 1654 sed
1862 1573 1982 1659 adde·

597 1694 700 1777 bant
724 1691 846 1779 etiam
875 1721 1071 1794 causam,
1106 1719 1191 1805 qua
1220 1688 1417 1809 impulsus
1439 1688 1519 1776 fuit
1541 1688 1687 1785 Phile,
1717 1708 1765 1774 ut
1787 1715 1856 1775 eos
1888 1690 1983 1777 scri·

590 1807 734 1923 ptione
752 1840 827 1896 sua
845 1810 1119 1901 collaudaret.
1850 1915 1853 1922 Ι

656 1958 725 2044 33.
757 1928 972 2016 Traditum
1010 1927 1160 2043 quippe
1193 1925 1368 2026 fuerat,
1416 1926 1652 2027 Philonem,
1695 1928 1846 2011 Romae
1879 1949 1978 2045 cum

592 2072 695 2131 esset
736 2047 790 2131 ad
814 2046 1042 2132 Claudium
1072 2044 1222 2161 legatus
1250 2107 1265 2146 ,
1301 2073 1397 2132 curn
1425 2046 1467 2130 S.
1486 2047 1601 2132 Petro
1634 2043 1974 2132 consuetudinem

587 2161 813 2265 habuisse,
844 2162 1020 2279 indeque
1039 2163 1082 2247 in
1098 2163 1184 2279 ejus
1202 2161 1369 2278 gratiam
1388 2160 1687 2249 Alexandrinos
1717 2160 1977 2253 Christianos

589 2281 678 2367 aS.
695 2282 866 2386 Marco,
895 2309 1019 2396 quem
1038 2280 1141 2368 Petri
1175 2279 1420 2395 discipulum
1440 2306 1685 2396 agnoverat,
1716 2282 1880 2366 edoctos
1896 2288 1975 2373 sub

588 2399 921 2516 therapeutarum
953 2399 1117 2485 nomine
1136 2398 1328 2483 laudibus
1351 2395 1568 2485 extulisse.
1597 2396 1660 2485 Ac
1686 2401 1859 2485 Sanctus
1881 2400 1977 2513 qui-

587 2514 683 2601 dem
715 2519 969 2634 Epiphanius
996 2518 1040 2601 in
1057 2514 1257 2629 exemplar
1296 2514 1385 2630 ejus
1400 2514 1559 2631 operis,
1587 2513 1702 2627 quod
1733 2513 1896 2600 titulum
1926 2520 1976 2629 de

589 2632 718 2720 Iessea
746 2698 760 2735 ,
796 2635 913 2750 quasi
950 2636 1074 2721 alesu
1094 2631 1384 2747 praeseferret,
1412 2632 1573 2722 videtur
1601 2630 1785 2720 incidisse
1806 2659 1819 2714 e
1840 2631 1977 2747 loqui-

587 2772 658 2834 tur
693 2751 803 2835 enim
825 2753 899 2869 (1)
929 2753 977 2838 de
1008 2750 1111 2837 libro
1147 2748 1371 2850 Philonis„
1399 2780 1542 2866 quem,
1572 2750 1737 2865 inquit,
1768 2754 1816 2836 de
1846 2752 1978 2842 iesseis

584 2862 799 2981 inscripsit.
832 2874 1019 2984 Denique
1036 2869 1287 2955 Sozomenus
1319 2867 1373 2953 ad
1388 2868 1571 2953 eamdem
1597 2868 1837 2956 sententiam
1861 2868 1972 2956 incli-

583 3008 663 3071 nat
688 2986 762 3103 (2)
777 3024 829 3091 2„
858 2991 909 3077 Er
940 2988 1051 3074 Philo
1065 2986 1232 3102 quidem
1264 3015 1360 3073 cum
1375 2985 1449 3073 ista
1481 2985 1536 3071 ad
1568 2988 1681 3072 hunc
1698 2986 1868 3073 modum
1884 3016 1976 3075 nar·

545 3137 547 3141 ⁴
586 3156 617 3202 υ
649 3129 740 3205 rat,
765 3107 935 3195 indicare
965 3106 1114 3192 udatur
1131 3102 1389 3192 Christianos
1402 3104 1466 3189 sui
1483 3104 1701 3223 temporis,
1731 3104 1805 3219 qui
1822 3133 1873 3193 ex
1890 3108 1975 3193 He-
2095 3165 2103 3176 .

584 3279 613 3323 „
651 3221 781 3308 braeis
813 3225 995 3315 conversi
1028 3224 1192 3310 iudaico
1220 3252 1331 3313 more
1363 3220 1588 3325 vivebant,
1620 3251 1843 3339 eorumque
1873 3223 1974 3314 ritus

586 3403 616 3445 „
646 3341 956 3429 custodiebant.
981 3403 1009 3442 „
1040 3343 1063 3456 (
1086 3341 1111 3456 )
1129 3400 1142 3424 .

643 3489 716 3575 34.
748 3464 805 3547 Ut
821 3486 867 3546 ut
883 3461 981 3546 haec
995 3485 1123 3561 sunt,
1152 3458 1230 3546 hoc
1249 3459 1403 3547 adrem
1421 3488 1602 3551 nostram
1620 3463 1821 3581 pertinet,
1851 3458 1967 3571 quod

579 3579 636 3664 ad
650 3582 901 3688 hymnorum
933 3606 1057 3664 usum
1087 3580 1441 3694 comprobandum
1463 3583 1689 3699 exemplum
1716 3582 1972 3694 therapeuta-

579 3723 674 3790 rum
691 3695 959 3815 maximopere
976 3696 1133 3784 confert
1149 3694 1210 3794 ,si
1228 3725 1317 3791 vete
1334 3698 1503 3787 fuerunt
1520 3699 1776 3800 Christiani;
1803 3696 1869 3781 sin
1884 3692 1963 3780 mi·

580 3841 690 3916 nus,
707 3813 806 3899 iliud
820 3839 923 3902 certe
938 3839 1110 3915 constat,
1124 3838 1275 3904 veteres
1292 3812 1566 3920 Christianos,
1581 3818 1733 3933 quibus
1750 3812 1891 3932 opinio
1909 3811 1959 3898 de

569 3928 825 4055 therapeutis
841 3930 1088 4022 Christianis
1104 3930 1326 4039 insederat,
1340 3963 1416 4054 pro
1431 3960 1539 4025 certo
1556 3935 1769 4037 habuisse,
1783 3956 1960 4023 consue-

586 4135 698 4231 Ξ’(1)
732 4135 878 4211 Haeresi
909 4160 967 4227 ²9·
985 4138 1242 4212 Nazaraeorum
1302 4141 1519 4236 evangelicae
1547 4139 1768 4213 Institutione
1807 4136 1965 4207 adhaese·

577 4247 804 4331 temptet
822 4254 853 4322 ς.
1302 4233 1962 4335 rinneansenstm,denotarunt·

628 4338 683 4424 (a)
708 4331 787 4405 Lib.
807 4355 840 4406 ι.
862 4354 938 4425 etp.
956 4355 1012 4407 ια.
1301 4350 1518 4433 reperturum
1534 4332 1775 4416 sarientibus,
1801 4334 1870 4403 imo
1899 4331 1966 4399 eis·

626 4426 910 4519 (remeantium
954 4432 987 4503 in
1014 4429 1239 4522 Expositione
1299 4436 1373 4505 &m
1388 4436 1423 4504 in
1439 4431 1743 4516 chtistiemarei
1755 4450 1871 4503 nomen
1887 4446 1960 4495 eea.

577 4523 1005 4620 calendariiNeapoiitani
1021 4529 1075 4600 die
1090 4529 1239 4614 25.Mar·
1299 4529 1525 4613 cedentibus,
1555 4529 1621 4602 soii
1654 4530 1807 4626 deinceps
1844 4521 1960 4593 Marci

576 4622 617 4696 tii
631 4649 674 4700 ex
691 4627 823 4700 duobus
837 4632 1005 4701 duorum
1023 4625 1171 4699 &Marci
1188 4625 1237 4697 lo·
1296 4645 1430 4699 ascetae
1476 4630 1691 4725 signarint,
1727 4625 1787 4721 qni
1811 4621 1953 4717 proinde

574 4721 650 4805 eis,
665 4722 788 4817 quibua
803 4750 881 4799 eum
897 4728 1054 4798 Aseetam
1071 4722 1176 4795 fuisse
1189 4721 1237 4794 di·
1296 4747 1372 4797 eum
1400 4723 1469 4796 iilis
1530 4723 1673 4799 neribus
1699 4741 1787 4794 mere
1818 4717 1952 4789 iudaeis

575 4819 691 4901 titur,
709 4815 849 4901 coniicit
863 4863 876 4903 4
892 4823 964 4894 fieri
997 4827 1179 4915 potuisse,
1197 4836 1236 4890 ut
1298 4820 1414 4895 arcetis
1429 4743 1585 4913 condedi
1608 4848 1628 4893 a
1658 4840 1732 4890 sere
1751 4816 1946 4917 posteritate

576 4920 776 4990 umerum
817 4917 1092 5034 therapeuraerum
1124 4917 1237 5013 pluti-
1297 4924 1490 5023 mepetint.

562 5016 623 5089 an·
634 5016 936 5121 uetripueettre
963 5014 1237 5093 incitatiorem
