5084 6234
863 790 1499 890 ECCLESIASTICI'S
1656 892 1662 903 .
1792 816 1878 913 133

486 996 518 1038 ‚,
545 934 656 1036 Dei,
681 959 720 1020 et
737 932 891 1049 ‚Agni‚
927 960 975 1022 ut
1000 934 1053 1019 illi
1088 936 1256 1024 similior
1285 937 1453 1052 prodeat
1468 1001 1482 1039 ,
1500 935 1631 1039 nihil,
1665 958 1872 1051 quantum

342 1145 367 1164 ,
483 1113 511 1154 ‚,
542 1053 625 1141 lieri
659 1081 788 1173 potest
821 1115 835 1152 ,
864 1053 1059 1168 praeferre
1097 1053 1213 1145 debet
1243 1117 1257 1155 ,
1282 1058 1399 1169 quod
1426 1057 1680 1171 psallentium
1713 1054 1872 1144 animos

485 1232 532 1296 »ι
544 1175 634 1258 Deo
650 1235 664 1274 ,
682 1204 727 1259 ac
746 1171 893 1259 divinis
912 1175 1030 1259 rebus
1047 1232 1060 1271 ,
1077 1200 1124 1261 ut
1139 1174 1358 1275 convenit,
1390 1200 1561 1262 attentos
1579 1204 1746 1264 avocare
1763 1171 1870 1277 alio,¹

485 1350 514 1412 η
546 1319 592 1377 ac
609 1291 826 1377 distrahere
840 1289 963 1406 possit
982 1325 992 1374 r
1010 1294 1146 1405 qualia
1163 1320 1288 1394 eunt,
1324 1292 1464 1409 siquae
1492 1292 1700 1380 interdum
1717 1293 1759 1378 in
1775 1322 1872 1380 sen-

485 1468 515 1511 „
546 1410 684 1497 tentiis
700 1431 715 1510 ‚·
747 1433 820 1493 aut
848 1410 978 1498 verbis
997 1438 1217 1499 occurrant
1240 1440 1328 1498 non
1361 1439 1444 1499 tam
1469 1439 1558 1527 apte
1586 1413 1870 1528 concinneque

486 1588 515 1629 „
546 1529 765 1642 disposita,
800 1555 847 1614 ut
865 1549 1025 1613 tantum
1053 1532 1235 1646 tantique
1254 1532 1440 1645 obsequii
1473 1561 1520 1618 ac
1537 1531 1746 1618 ministerii
1765 1562 1870 1648 opus

485 1702 517 1762 ,ρ
549 1648 721 1764 exigeret
740 1705 751 1727 .
773 1645 895 1760 Quae
910 1674 1055 1736 causae
1074 1650 1288 1765 quondam
1306 1649 1498 1765 impulere
1533 1681 1710 1737 summos
1728 1651 1870 1739 Ponti-

483 1825 513 1880 „
539 1764 631 1851 lices
646 1773 719 1850 etc'.
796 1770 884 1851 Nos
901 1792 1067 1880 quoque
1085 1769 1129 1853 in
1147 1769 1330 1856 eamdem
1350 1768 1635 1884 cogitationem
1651 1796 1806 1856 traxere
1827 1793 1883 1859 et·

486 1942 514 1984 u
542 1881 760 1969 solicitudo
776 1910 912 1972 nostra
942 1911 1034 2001 erga
1060 1918 1119 1973 res
1133 1916 1294 1988 sacras,
1327 1917 1430 2000 quas
1461 1888 1663 2003 primam,
1686 1913 1725 1975 ct
1760 1888 1880 2003 opti··

487 2060 516 2118 ,3
543 2032 650 2090 mam
682 2029 837 2118 partem
859 2002 1039 2089 muneris
1055 2006 1180 2094 nostri
1208 2034 1452 2105 censemus,
1480 2031 1518 2093 et
1533 2006 1698 2122 piorum
1726 2007 1871 2092 docto-

488 2178 516 2219 ,‚
547 2149 717 2235 rumque
746 2124 931 2210 virorum
959 2120 1113 2237 judicia
1144 2149 1223 2226 ,et
1253 2150 1349 2213 vota
1379 2123 1719 2239 conquerentium
1752 2126 1796 2209 in
1821 2154 1871 2211 eo

487 2298 518 2346 2,
548 2238 818 2357 [breviario]
836 2241 1036 2330 contineri
1055 2272 1139 2328 non
1157 2271 1288 2359 pauca
1305 2271 1441 2354 ,quae
1456 2242 1537 2329 sive
1555 2245 1725 2361 apriano
1741 2241 1872 2329 nitore

485 2416 522 2457 „.
542 2358 805 2447 institutionis
821 2361 1090 2461 excidissent,
1116 2360 1197 2450 sive
1217 2364 1409 2449 inchoata
1439 2360 1607 2477 potius,
1639 2390 1765 2476 quam
1779 2389 1873 2476 per-

483 2534 514 2576 „
544 2475 795 2567 retentorem
821 2485 875 2569 ab
891 2477 1007 2574 aliis,
1038 2506 1142 2567 certe
1171 2479 1344 2568 aNobis
1357 2506 1587 2596 supremam
1615 2478 1770 2594 imponi
1786 2507 1871 2565 ma·

484 2652 513 2696 „
543 2624 645 2680 num
675 2595 970 2684 desiderarent.
1013 2599 1101 2684 Nos
1128 2597 1263 2714 itaque
1293 2597 1390 2685 huic
1418 2596 1474 2681 rei
1492 2596 1674 2683 sedulam
1703 2611 1871 2713 operam

483 2773 523 2824 ,,.
543 2713 813 2834 natavimus,
845 2743 885 2803 et
889 2717 1008 2831 jussu
1020 2744 1149 2806 nostru
1163 2717 1309 2835 aliquot
1340 2715 1513 2815 eruditi,
1543 2734 1583 2801 et
1595 2717 1784 2833 sapientes
1796 2713 1873 2803 uiri

484 2890 514 2936 2,
540 2860 651 2926 suam
673 2833 772 2923 serio
800 2866 931 2924 curam
946 2835 1233 2940 frenaturus,
1257 2864 1418 2954 quorum
1450 2833 1648 2953 diligentia
1671 2832 1879 2950 studioque·

482 3009 511 3062 2,
533 2948 744 3069 perfectum
762 2986 857 3071 opus
872 2982 955 3054 est,
974 2952 1090 3068 quod
1111 2983 1275 3070 gratum
1290 2951 1509 3053 omnibus,
1526 2955 1698 3069 Deoque
1717 2978 1756 3039 et
1772 2982 1872 3039 san-

480 3128 510 3172 „
541 3095 626 3156 ctae
644 3070 841 3160 Ecclesiae
872 3072 1150 3159 honorificum
1166 3101 1405 3192 speramus:
1436 3069 1629 3187 Siquidem
1661 3073 1703 3157 in
1731 3098 1775 3155 eo
1799 3074 1873 3189 ay-

480 3250 511 3294 „
539 3188 622 3276 mai
636 3253 651 3292 ,
661 3188 797 3305 paucis
810 3190 977 3308 exceptis
990 3254 1004 3292 ,
1018 3189 1084 3306 qui
1099 3221 1175 3277 aon
1191 3222 1341 3290 metm,
1363 3191 1430 3274 sed
1441 3189 1562 3275 soluta
1580 3188 1750 3276 oratione
1769 3216 1870 3287 ,aut

481 3369 511 3412 „
540 3305 652 3396 etiam
669 3309 839 3428 rhythmo
855 3330 1034 3397 coruram
1051 3367 1065 3407 ,
1085 3312 1147 3397 vet
1160 3308 1475 3398 emendatioribus
1496 3307 1685 3396 codicibus
1717 3305 1868 3394 adhibi-

482 3489 512 3536 „
540 3425 619 3526 tis,
636 3426 694 3514 vel
706 3428 835 3546 aliqua
843 3423 952 3541 facta
967 3428 1177 3517 mutatione
1192 3431 1246 3517 ad
1259 3428 1441 3517 cannitiis
1458 3486 1470 3522 ‚
1487 3451 1526 3513 et
1537 3424 1736 3514 latinitatis
1749 3426 1875 3543 leges,¹

486 3610 515 3652 „
544 3546 709 3666 ubr'fieri
717 3547 848 3666 potuit
862 3610 879 3651 ,
892 3549 1057 3636 revocati
1071 3612 1086 3652 ,
1099 3550 1167 3636 uhi
1179 3578 1269 3636 vero
1282 3577 1358 3635 aon
1369 3544 1526 3662 potuit,
1546 3550 1593 3632 de
1607 3546 1755 3664 integro
1771 3571 1872 3631 coa·

489 3728 517 3771 „
544 3665 617 3754 diti
627 3685 743 3768 suat,
757 3669 886 3754 eadem
906 3687 1048 3768 tamea,
1064 3670 1192 3783 quoad
1200 3665 1312 3754 licuit
1330 3693 1501 3763 ‚seruata
1518 3663 1704 3751 sententia
1718 3725 1748 3763 „
1766 3722 1777 3746 .

548 3786 644 3898 158.
676 3786 786 3874 Haec
802 3785 852 3870 de
869 3781 1035 3903 hymnis
1050 3788 1210 3876 Urbani
1228 3786 1463 3875 constitutio
1478 3812 1601 3885 3nam
1616 3806 1868 3893 cetera,quae

488 3904 693 4042 recognita
712 3900 883 3989 fuerunt
895 3965 912 4008 ,
926 3904 1076 3995 leviora
1094 3965 1111 4007 ,
1126 3934 1259 4023 neque
1278 3904 1403 3992 nostri
1420 3928 1517 3991 sunt
1534 3899 1730 3989 instituti.
1745 3900 1875 3987 Viros

485 4024 652 4110 eruditos
664 4053 742 4128 ,ac
757 4022 947 4141 sapientes
962 4024 1059 4111 huic
1076 4024 1317 4113 correctioni
1347 4028 1597 4136 hymnorum
1634 4017 1870 4107 aPontilice

490 4136 659 4230 delectos
691 4138 763 4259 (a)
793 4167 1008 4232 enumerat
1037 4144 1264 4236 Meratius.
1293 4144 1361 4230 Ad
1367 4137 1565 4266 praefatos
1592 4142 1752 4261 hymnos
1783 4128 1878 4226 reci·

536 4404 589 4492 (a)
617 4399 802 4480 Graeculus
817 4413 993 4480 comment.
1012 4409 1140 4478 Hister.
1211 4427 1287 4477 rnm
1303 4421 1516 4477 correctores
1536 4401 1600 4495 ipsi
1620 4400 1653 4472 in
1684 4390 1879 4492 praefatiog

485 4504 588 4578 W·
603 4506 697 4585 Rom.
719 4500 777 4571 ttb.
800 4525 830 4574 t.
845 4518 918 4601 rap.
936 4507 994 4576 28.
1020 4526 1142 4579 auctor
1208 4525 1250 4574 ne
1265 4506 1305 4575 ad
1324 4507 1469 4597 hymnos
1499 4502 1719 4576 emendatos,
1749 4512 1870 4564 exem·

486 4613 562 4678 est,
593 4612 708 4669 extare
726 4602 902 4676 decretum
934 4602 1138 4699 Congrega·
1208 4599 1267 4692 plo
1283 4601 1316 4672 8.
1333 4599 1540 4691 Hieronymi
1561 4593 1697 4671 relato,
1728 4590 1871 4662 addunts

486 4692 678 4772 eranistae.
696 4698 839 4771 Rituunr
853 4700 861 4767 i
868 4724 885 4767 a
901 4723 971 4792 quo
987 4700 1139 4793 legitote
1211 4700 1302 4770 tdem
1315 4695 1427 4783 facere
1441 4712 1608 4788 teguntur
1619 4690 1647 4761 εἰ·
1664 4737 1676 4773 ,
1708 4691 1764 4783 qui
1776 4689 1872 4772 lustu

488 4793 573 4882 idest
600 4787 716 4876 facere
746 4812 913 4891 coguntur
929 4822 949 4878 ,·
974 4800 1033 4893 qui
1046 4802 1138 4884 jussu
1209 4804 1242 4866 S·
1259 4799 1371 4883 Ml.
1388 4790 1517 4861 vrbem·
1544 4796 1638 4859 Vm.
1664 4807 1776 4860 sacres
1808 4783 1871 4897 hy·

486 4891 737 4982 lull-vrbem·
764 4901 859 4967 tht.
878 4916 989 4965 sacros
1006 4895 1142 4990 hymnos
1210 4913 1302 4966 mass
1319 4889 1523 4962 ementem.
1555 4887 1652 4962 Hanc
1682 4882 1868 4979 praefacto.-

490 4990 662 5062 emtadarrt
692 5040 703 5064 .
738 4992 905 5076 Censeo,
940 5016 1020 5067 eunt
1046 4991 1145 5078 tatti3
1187 5012 1284 5066 ’κω
1311 4986 1535 5093 consequitur
1577 4987 1773 5060 Decretum
1796 4997 1870 5051 sac.
