5084 6234
725 989 728 994 ·
791 951 937 1037 Partim
954 950 1140 1034 deorsum
1157 952 1307 1066 positus
1324 1016 1337 1050 ,
1356 976 1393 1035 et
1408 954 1551 1065 partim
1568 985 1692 1072 supra

789 1070 882 1153 Sine
901 1070 982 1151 fine
998 1070 1143 1151 summi
1171 1070 1389 1155 concinens
1406 1068 1544 1156 laudes
1561 1074 1720 1160 Patris?

686 1265 690 1270 ,
738 1216 804 1299 57.
836 1190 931 1270 Prae
951 1187 1087 1271 ceteris
1117 1186 1283 1297 insignis
1300 1187 1411 1271 locus
1435 1188 1474 1268 S.
1494 1191 1626 1273 Basilii
1653 1192 1939 1305 producendus
1954 1219 2014 1282 est
2026 1212 2050 1296 3·

676 1336 759 1422 quo
775 1310 815 1390 S.
842 1303 997 1388 Doctor
1015 1301 1206 1385 alternam
1222 1301 1466 1417 psalmorum
1484 1293 1800 1394 modulationem
1821 1374 1834 1412 ,
1867 1310 2047 1422 hymno·-

679 1452 853 1535 rumque
870 1445 1140 1518 concentum,
1158 1419 1384 1534 divisosque
1404 1421 1506 1504 inter
1521 1424 1773 1533 psallendum
1787 1430 1932 1515 choros
1950 1429 2056 1513 acria

646 1573 648 1575 ·
680 1567 737 1632 tet
754 1537 931 1624 defendit
944 1535 1017 1652 (1)
1034 1571 1079 1636 „2
1096 1535 1268 1622 Psalmos
1283 1562 1502 1624 causantur
1520 1539 1811 1659 [Adversarii],
1827 1570 1866 1629 et
1883 1545 2056 1631 modum

679 1701 709 1761 ς,
738 1657 930 1744 melodiae
947 1716 960 1754 ‚
975 1684 1060 1767 quo
1089 1655 1138 1739 sit
1153 1676 1269 1740 vetus
1289 1656 1401 1769 apud
1420 1685 1494 1742 nos
1513 1657 1719 1743 immutata
1746 1662 1920 1745 canendi
1954 1692 2058 1746 con-

680 1838 710 1879 „
740 1773 917 1861 suetudo
934 1835 948 1872 ,
981 1799 1019 1858 et
1050 1770 1285 1885 hujusmodi
1322 1773 1523 1884 quaedam
1548 1770 1656 1857 alia:
1686 1775 1736 1859 de
1762 1807 1939 1892 quorum
1971 1779 2057 1867 illos

681 1955 709 1996 „
741 1916 950 2012 praetextu
967 1888 1117 2007 pudere
1136 1890 1305 1975 debebat
1320 1917 1393 1972 etc.
1456 1890 1525 1973 Ad
1543 1891 1585 1973 id
1609 1920 1733 1993 vero,
1763 1896 1878 2009 quod
1891 1921 2062 2010 propter

682 2074 711 2114 „
741 2010 1003 2128 psalmodiam
1024 2034 1259 2090 accusamur
1344 2007 1426 2090 hoc
1439 2008 1599 2106 habeo,
1627 2013 1741 2121 quod
1760 2015 1891 2101 dicam
1910 2013 2059 2125 :quod

681 2189 710 2232 „
742 2128 950 2225 videlicet,
989 2122 1057 2236 qui
1079 2122 1158 2236 jam
1189 2123 1457 2208 obtinuerunt
1487 2128 1614 2222 ritus,
1644 2131 1833 2216 omnibus
1870 2129 2057 2215 Ecclesiis

682 2309 710 2351 „
743 2245 820 2332 Dei
839 2243 1057 2331 concordes
1072 2264 1195 2339 sunt,
1214 2265 1251 2324 et
1267 2241 1436 2329 consoni
1456 2302 1467 2325 .
1485 2246 1547 2325 De
1565 2270 1681 2329 nocte
1697 2246 1900 2359 siquidem·
1920 2276 2058 2365 popu·

683 2415 712 2469 ,·-,
743 2367 806 2450 lus
823 2386 1070 2476 consurgens
1089 2356 1335 2446 antelucano
1354 2387 1526 2474 tempore
1544 2361 1710 2446 domum
1733 2364 1972 2477 precationis
1987 2393 2060 2478 pe-

683 2547 711 2586 „
744 2485 789 2572 tit
867 2483 920 2567 Et
938 2509 1040 2563 nunc
1053 2475 1199 2592 quidem
1226 2477 1266 2560 in
1288 2484 1383 2565 duas
1391 2504 1521 2592 partes
1534 2480 1645 2564 divisi
1658 2479 1811 2565 alteruis
1827 2482 2064 2568 succinentes

684 2665 713 2705 „
737 2603 907 2720 psallunt
984 2597 1134 2681 Deinde
1151 2599 1219 2683 uni
1250 2628 1302 2683 ex
1315 2599 1373 2685 his
1386 2601 1456 2682 hoc
1478 2630 1631 2683 munere
1660 2600 1778 2697 datu,
1816 2628 1860 2684 ur
1874 2601 1976 2714 quod
1992 2627 2060 2681 cn-

682 2783 711 2824 „
743 2722 905 2805 neudum
921 2742 980 2801 est
996 2778 1009 2815 ,
1034 2714 1143 2829 prior
1158 2716 1332 2801 ordiatur
1351 2780 1363 2817 ,
1382 2714 1516 2830 reliqui
1528 2718 1727 2803 succinunt
1800 2721 2065 2831 florumgra:
2148 2740 2151 2744 ·

683 2900 711 2940 ,,
747 2839 801 2923 tia
818 2836 850 2922 si
868 2866 941 2921 nos
958 2832 1120 2947 fugitis,
1153 2831 1311 2948 fugietis
1327 2830 1444 2920 simul
1459 2860 1498 2919 et
1525 2835 1774 2952 Aegyptios,
1799 2833 1959 2951 fugietis
1974 2838 2066 2942 Ly·-

596 3039 602 3047 .
682 3001 711 3060 5,
742 2956 850 3044 biam
866 2979 1079 3064 utramque
1096 2949 1362 3052 ,Thebaeos,
1387 2951 1654 3051 Palaestinos,
1672 2952 1826 3055 Arabes
1844 3015 1858 3053 ‚
1881 2950 2067 3034 Phoeni--

684 3118 712 3177 ·„
743 3105 832 3175 ces,
850 3075 972 3183 Syros
989 3134 1002 3171 ,
1018 3068 1142 3181 etqui
1161 3067 1213 3151 ad
1229 3068 1479 3183 Euphratem
1502 3070 1715 3168 habitant,
1747 3094 1785 3153 et
1802 3093 1849 3153 ut
1867 3057 1992 3153 semel·
2006 3067 2064 3149 di,

686 3254 713 3292 „
746 3221 862 3288 cam,
883 3218 1021 3272 omnes
1039 3188 1149 3298 apud
1166 3217 1268 3297 quos
1282 3188 1467 3303 vigiliae,
1487 3212 1558 3271 aut
1580 3217 1727 3306 preces,
1746 3205 2059 3297 communesque

686 3372 714 3410 „
747 3302 989 3424 psalmodiae
1007 3303 1050 3385 in
1074 3303 1200 3416 pretio
1217 3299 1314 3388 sunt
1329 3335 1404 3392 etc.
1435 3304 1540 3389 Scire
1560 3332 1693 3389 autem
1721 3336 1794 3392 vos
1809 3303 1903 3394 volo
1919 3363 1934 3404 ,
1950 3300 2066 3414 quod

686 3488 715 3529 „
747 3451 932 3542 optamus
943 3420 1094 3519 nobis,
1126 3443 1164 3504 et
1190 3421 1305 3508 vobis
1335 3449 1374 3508 et
1397 3422 1610 3521 virorum,
1644 3447 1682 3506 et
1699 3422 1911 3505 mulierum
1927 3441 2065 3502 coetus

687 3561 714 3647 ⁶,
750 3539 1069 3655 dari(loquitur
1102 3537 1149 3619 de
1167 3538 1420 3651 Monachis)
1437 3602 1447 3621 .
1467 3599 1505 3621 ..
1538 3569 1715 3650 quorum
1742 3570 1787 3623 os
1813 3567 1898 3623 non
1926 3535 2065 3646 loque-⁴

685 3667 716 3766 33
747 3687 814 3746 tur
833 3687 951 3776 opera
969 3654 1212 3754 hominum,
1239 3658 1310 3740 sed
1326 3660 1527 3769 hymnum
1551 3656 1847 3742 concinatDeo
1868 3673 2068 3739 nostro

687 3804 715 3882 ·„
745 3775 824 3865 Sed
853 3778 925 3862 ista
943 3772 1071 3859 dicitis
1087 3774 1331 3887 temporibus
1351 3774 1532 3889 Gregorii
1550 3774 1695 3890 Magni
1715 3804 1800 3857 non
1825 3772 1970 3857 fuisse:
1995 3794 2066 3853 ve·
2121 3846 2126 3858 .

689 3937 717 4001 ,5
750 3923 842 3980 rum
878 3921 1008 4006 neque
1043 3889 1230 3991 litaniae,
1258 3922 1361 4004 quas
1375 3922 1447 3978 vos
1471 3890 1552 4004 jam
1586 3892 1628 3973 in
1655 3922 1735 3976 usu
1761 3890 1914 3975 habetis
1932 3951 1945 4001 ,
1964 3883 2069 3969 illius

690 4077 720 4120 „
752 4039 928 4124 ternpore
941 4010 1136 4092 fuerunt.
1158 4069 1168 4089 .
1189 4070 1199 4090 .
1218 4070 1229 4091 .
1262 4010 1392 4122 Quod
1408 4034 1539 4094 autem
1555 4036 1600 4090 ea
1617 4072 1631 4107 ,
1647 4035 1753 4121 quae
1772 4006 1968 4103 facimus,
1988 4004 2069 4088 sub

690 4195 719 4235 „
752 4127 992 4215 admirando
1010 4123 1205 4238 Gregorio
1225 4126 1267 4206 in
1287 4158 1366 4213 usu
1402 4156 1486 4210 non
1504 4125 1685 4226 fuerint,
1716 4123 1867 4236 quibus
1891 4120 2070 4210 testimoss

691 4312 719 4352 ,,
753 4246 828 4330 niis
844 4244 1023 4330 evincere
1046 4241 1221 4353 poteritis
1236 4243 1300 4342 „2
1884 4286 1888 4293 ·

755 4365 821 4475 58.
858 4359 1040 4445 Profecto
1069 4359 1109 4440 S.
1126 4358 1344 4472 Gregorius
1365 4362 1697 4474 Thaumaturgus
1723 4352 2070 4445 Neocaesariensis

692 4474 1111 4600 Episcopus'Synodo
1127 4473 1408 4563 Antiochenae
1431 4477 1642 4578 interfuit,
1662 4506 1745 4587 qua
1761 4542 1775 4580 ,
1793 4502 1974 4589 utsupra
1993 4498 2071 4554 me·

694 4599 885 4686 minimus
903 4593 1208 4695 „consuetudo
1224 4596 1398 4706 hymnos
1423 4597 1465 4678 in
1488 4597 1695 4680 honorem
1723 4599 1815 4693 Jesu
1831 4588 1983 4675 Christi
2001 4615 2070 4670 ca-

697 4715 852 4813 nendi,
885 4742 989 4823 quae
1029 4715 1071 4795 in
1099 4707 1276 4795 Ecclesiis
1302 4713 1485 4827 vigebat,
1519 4711 1743 4800 luculenter
1777 4707 2068 4795 confirmatur.

1921 4818 2066 4934 Quid‘e

698 4915 706 4936 .
748 4970 801 5060 (ι)
830 4964 936 5061 Epist.
964 4968 1006 5036 ad
1032 4916 1333 5056 neocaesarienses
1355 4968 1513 5044 Clericos
1531 4973 1590 5059 63.
1667 5036 1669 5039 .
