5084 6234
585 813 647 922 90
745 735 750 742 ’
1018 781 1589 887 uunruurs*

582 981 612 1047 „
638 936 977 1036 formaeanrari,
1007 937 1197 1024 volumus
1226 935 1394 1023 libenter
1425 940 1603 1056 amplecti
1639 964 1960 1057 eospraeterea,

583 1118 614 1164 „
646 1088 824 1176 quorum
851 1081 1064 1141 auctorum
1098 1054 1264 1137 nomina
1289 1053 1441 1142 fuerint
1462 1059 1502 1140 in
1530 1059 1662 1143 limine
1693 1086 1958 1175 praenotata:

586 1239 616 1280 ,‚
645 1176 825 1294 quoniam
841 1204 938 1289 quoe
955 1171 1039 1287 fide
1052 1171 1311 1269 constiterint,
1327 1172 1479 1260 dicendi
1490 1178 1635 1262 ratione
1646 1208 1724 1263 non
1737 1179 1929 1279 obstant„
1945 1237 1959 1263 .

589 1298 793 1381 Nimirum
811 1356 824 1394 ‚
851 1316 899 1375 ut
924 1321 998 1405 ego
1019 1290 1217 1387 arbitror,
1233 1293 1431 1400 quoniam
1447 1295 1579 1381 Patres
1596 1298 1962 1409 Bracarensespoe·

586 1416 681 1501 ticos
705 1410 895 1498 contiones
924 1439 947 1493 a
982 1406 1130 1495 divinis
1160 1405 1305 1491 officiis
1330 1411 1594 1499 removendas
1621 1437 1960 1515 autumaverunt,

589 1529 826 1618 Concilium
840 1528 1078 1613 Turonense
1097 1526 1339 1642 respondet,
1370 1555 1475 1640 quae
1490 1527 1569 1613 fide
1587 1529 1869 1630 constiterint,
1899 1530 1961 1616 dl-

582 1650 695 1739 cendi
707 1648 852 1748 ratione
869 1675 954 1731 non
976 1644 1133 1732 obstare
1152 1704 1164 1726 .
1612 1713 1615 1719 Δ

652 1794 747 1851 111.
781 1762 934 1872 Addita
950 1791 1048 1853 vero
1065 1785 1124 1847 est
1151 1758 1243 1860 lex,
1269 1788 1324 1848 ut
1355 1764 1760 1881 hymnographorum
1792 1764 1962 1850 nomina

584 1908 847 1982 notarentur3
864 1882 978 1995 quod
994 1880 1068 1964 illis
1083 1879 1623 1996 temporibus-opportunum
1637 1881 1770 1972 visum
1786 1879 1889 1981 luit,
1907 1909 1957 1968 ne

584 2003 719 2090 callidi
735 2000 923 2085 haeretici
940 1998 1104 2083 latenter
1120 2023 1216 2079 suos
1245 2024 1399 2083 errores
1422 1998 1657 2088 instillarent
1674 2064 1684 2084 .
1719 2004 1807 2085 Hoc
1824 1997 1957 2111 ipsum

576 2123 841 2208 observatum
869 2114 949 2202 luit
967 2116 1009 2198 in
1039 2113 1247 2200 Breviario
1265 2116 1451 2200 Romano
1478 2117 1593 2231 jussu
1611 2122 1651 2203 S.
1675 2114 1732 2202 Pii
1752 2118 1808 2201 V.
1823 2114 1930 2200 edito
1940 2148 1959 2220 ς

483 2247 489 2252 “
579 2237 654 2323 aed
668 2264 763 2323 cum
778 2229 1107 2322 animadversum
1121 2229 1289 2331 fuisset,
1306 2233 1542 2349 ambiguum
1554 2235 1670 2322 valde
1683 2264 1765 2321 esse
1783 2298 1797 2336 ‚
1814 2261 1867 2316 an
1887 2262 1959 2316 an·

580 2354 685 2468 tiqui
719 2378 1127 2465 auctores,quorum
1160 2347 1327 2433 nomina
1358 2351 1745 2467 praemittebantur,
1770 2381 1862 2437 vere
1892 2379 1960 2437 eos

578 2469 757 2584 hymnos
775 2468 1114 2585 composuissent,
1141 2466 1300 2550 nullum
1315 2494 1515 2583 praeterea
1539 2471 1862 2586 essepericulum
1893 2497 1960 2553 er·

581 2590 683 2675 roris
702 2652 716 2691 ,
752 2618 845 2677 curn
863 2581 1046 2673 examine
1063 2646 1077 2684 ,
1093 2608 1133 2669 et
1154 2583 1390 2671 auctoritate
1407 2585 1606 2671 Ecclesiae
1622 2588 1852 2673 illiusmodi
1879 2586 1954 2698 hy·

579 2708 670 2789 mni
687 2702 934 2821 comprobari
950 2725 1091 2801 essent,
1102 2700 1145 2783 in
1162 2698 1410 2789 editionibus
1439 2704 1780 2819 consequentibus
1814 2728 1958 2788 aucto-

577 2853 672 2908 rum
690 2819 857 2909 nomina
875 2817 1143 2936 praetermissa
1161 2842 1286 2904 sunt.
1309 2820 1389 2903 Sed
1405 2848 1454 2908 ut
1466 2850 1516 2905 eo
1532 2818 1725 2924 redeam,
1751 2818 1864 2906 unde
1882 2819 1957 2904 ali-

579 2936 831 3053 quantulum
853 2939 1023 3037 diverti,
1053 2935 1106 3023 ad
1131 2933 1838 3054 eamdemprohibitionem‘Coneilii
1854 2939 1958 3022 Bra-

577 3049 753 3147 earensis
787 3053 999 3176 respexisse
1031 3052 1191 3144 videtur
1221 3052 1460 3141 Concilium
1492 3053 1570 3143 lV.
1600 3054 1852 3145 Toletanum
1880 3081 1959 3140 an·

578 3207 635 3262 no
655 3178 752 3293 632.
772 3232 787 3275 ,
814 3175 931 3289 cujus
946 3198 1145 3258 canonem
1164 3199 1231 3287 13·
1263 3169 1448 3261 dedimus
1463 3202 1585 3293 supra
1605 3170 1642 3291 ᾗ.
1662 3177 1715 3268 V.
1729 3203 1835 3264 num.
1857 3174 1957 3260 18..

575 3295 739 3381 Etenim
759 3286 813 3379 ad
833 3321 920 3375 earn
936 3290 1152 3391 alludunt,
1180 3290 1242 3378 vel
1260 3319 1344 3376 non
1364 3290 1536 3381 multum
1554 3296 1758 3382 abludunt
1781 3292 1846 3379 illa
1863 3322 1957 3384 ver·

575 3412 629 3501 ba
648 3447 658 3498 r
677 3413 784 3523 Quos
797 3437 923 3496 tomen
934 3403 1174 3529 (hymnos)
1188 3407 1341 3521 quidum
1358 3406 1568 3526 specialiter
1594 3413 1795 3528 reprobant
1819 3441 1894 3526 pro
1910 3437 1955 3495 eo

578 3534 681 3644 quod
696 3533 743 3616 de
756 3527 961 3644 Scripturis
985 3552 1197 3613 sanctorum
1212 3553 1400 3612 cononum
1416 3587 1430 3628 ,
1445 3525 1505 3613 vel
1518 3530 1736 3646 Apmtolr'ctt
1752 3527 1954 3613 traditione

575 3671 654 3731 non
670 3645 838 3735 existent
857 3669 930 3733 etc.
951 3707 962 3729 .
977 3643 1123 3751 quue
1138 3639 1401 3742 validiorem
1415 3643 1767 3763 haecconjecntra
1784 3706 1798 3746 ,
1814 3643 1848 3731 si
1862 3669 1960 3759 pro.-

575 3792 625 3881 pe
645 3764 767 3851 finem
801 3758 973 3851 canonis
1010 3791 1087 3877 pro
1117 3754 1240 3849 Gallio
1258 3756 1410 3876 legatur
1439 3762 1659 3867 Golloecio,
1689 3793 1762 3851 seu
1779 3758 1956 3861 Golict'o,

577 3906 624 3967 ut
640 3882 682 3964 in
697 3879 942 3995 quibusdam
959 3880 1076 3964 MSS.
1092 3871 1247 3997 legitur,
1260 3877 1445 3965 videlicet
1460 3913 1512 3981 „t
1530 3883 1641 3969 Sicut
1659 3880 1780 3995 igitur
1798 3876 1954 3964 oratio·

574 4059 604 4103 2,
618 4074 623 4081 .
638 4024 739 4099 nes,
766 4000 820 4084 ita
838 3995 1016 4111 hymnos
1029 3991 1073 4078 in
1093 3994 1254 4082 laudern
1271 3991 1350 4081 Dei
1366 3995 1609 4112 compositos
1622 3994 1759 4083 nullus
1774 4018 1955 4085 vestrum

574 4178 604 4226 2,
634 4113 802 4204 ulterius
818 4114 1020 4231 improbet
1035 4175 1051 4213 ,
1065 4106 1135 4199 sed
1150 4107 1238 4229 pari
1259 4107 1381 4201 modo
1398 4109 1543 4208 Golicio
1560 4108 1874 4231 ,Hispaniaque
1882 4119 1958 4200 cel

574 4293 604 4339 „
630 4225 780 4334 lebret,
810 4226 1226 4331 excommunicatione
1243 4228 1472 4350 plectendi,
1501 4232 1575 4345 qui
1593 4231 1768 4346 hymnos
1793 4227 1951 4347 rejicere

573 4405 605 4454 „
632 4348 787 4438 fuerint
803 4343 890 4433 ausi
906 4412 934 4450 „
953 4410 966 4430 .
986 4345 1126 4461 ltaque
1142 4379 1236 4434 cum
1262 4348 1359 4437 huic
1374 4347 1450 4433 IV.
1468 4348 1871 4437 ConcilioToletano
1886 4349 1954 4432 in·

571 4491 631 4557 ter
659 4468 761 4553 alios
792 4465 1065 4585 subscripserit
1089 4464 1276 4563 lulianus
1307 4466 1560 4555 Bracnrensis
1577 4467 1948 4586 Metropolitanus,

574 4582 647 4702 qui
664 4581 858 4690 Callaecis
879 4608 1063 4703 praeerat
1080 4649 1095 4687 ,
1111 4584 1374 4700 consequitur
1394 4649 1407 4687 ‚
1434 4582 1604 4673 Clerum
1619 4583 1842 4673 'Gallaeciae
1859 4584 1957 4698 opi-¹

571 4701 741 4790 nionem
755 4706 804 4792 de
822 4698 1084 4821 reprobandis
1099 4698 1292 4816 hymnis,
1318 4703 1488 4807 sicam,
1520 4730 1569 4793 ut
1582 4703 1772 4801 videtur,
1801 4702 1952 4813 ample-

567 4812 826 4923 tlusluerat,
848 4820 1037 4938 deinceps
1070 4816 1288 4939 abjecisse,
1317 4848 1367 4909 ac
1405 4851 1501 4912 curn
1536 4818 1695 4935 reliquis
1726 4816 1948 4932 Hispaniae

571 4937 1188 5034 Provinciis-veteremEcclesiae
1206 4945 1543 5030 consuetudinem
1561 4939 1771 5053 adoptasse
1779 4994 1801 5044 Ι.
