5084 6234
886 739 1429 905 nisPnNtcA

1779 808 1864 925 s65

767 963 845 1049 Hic
872 957 1054 1043 duorum
1081 953 1204 1039 chara
1239 951 1413 1042 fratrum

824 1076 1126 1165 Concalescunt
1151 1091 1343 1188 pectora,

822 1196 920 1281 Fida
953 1223 1057 1306 quos
1096 1218 1167 1306 per
1200 1218 1320 1273 omne
1347 1213 1504 1307 tompus

827 1318 1023 1412 iunxerat
1051 1307 1269 1395 sodalitas:

824 1434 941 1518 Stant
976 1428 1133 1547 parati,
1166 1426 1269 1512 lette
1298 1426 1506 1541 quidquid

832 1552 925 1636 Sors
957 1548 1107 1636 tulisset
1140 1546 1304 1631 ultima.

773 1670 854 1754 Seu
884 1667 988 1753 foret
1017 1664 1249 1780 praebenda
1281 1663 1415 1751 cervix

830 1785 902 1870 Ad
932 1785 1150 1900 bipennem
1180 1780 1386 1898 publicam

830 1904 1063 1989 Verberum
1091 1926 1181 2019 post
1212 1901 1296 1988 vim
1326 1918 1594 2017 crepantum,

830 2022 927 2109 Post
957 2047 1126 2109 catastas
1158 2019 1324 2131 igneas,

829 2141 919 2230 Sive
949 2139 1086 2256 pardis
1120 2134 1371 2222 offerendum

829 2262 1000 2357 Pectus,
1035 2281 1108 2346 aut
1140 2253 1357 2341 leonibus.

473 2559 549 2629 dam
580 2571 650 2622 esse
683 2546 714 2617 in
742 2548 806 2616 hoc
842 2549 972 2640 hymno
1000 2572 1127 2631 uoces,

473 2674 559 2749 quae
574 2650 754 2727 abantea,
773 2664 998 2740 argenteaque
1014 2647 1130 2719 latini·

478 2770 545 2823 tate
575 2749 757 2817 abhorrent
785 2793 795 2825 ,
831 2767 981 2836 nempe,
1009 2743 1131 2833 confre-

476 2859 648 2947 quentant,
665 2842 841 2914 mundialis
856 2890 867 2923 ,
880 2840 1131 2943 defugatprae·

477 2946 656 3023 micando,
692 2940 883 3037 oppalluit:
903 2965 1047 3034 qtrarum
1073 2944 1132 3014 ali·

480 3068 560 3137 quas
583 3043 722 3111 intactas
738 3037 891 3128 reliqui,
921 3042 1000 3129 quia
1033 3041 1137 3130 ipsius

479 3137 667 3216 prudentii,
689 3135 901 3225 aliorumque
912 3138 1063 3216 eiusdem
1079 3157 1139 3206 no-

481 3260 533 3311 tae
550 3233 756 3325 scriptorum
777 3230 979 3304 auctoritate
996 3249 1137 3326 possunt

482 3331 669 3411 sustineri,
701 3329 781 3400 alias
798 3330 917 3401 sustuli
934 3381 948 3415 ,
982 3351 1019 3403 ut
1035 3355 1138 3403 uoca-

483 3435 566 3508 lium
610 3451 813 3500 coneursum
847 3429 1070 3525 defugerem.
1096 3430 1136 3503 ln

481 3528 652 3606 breviario
681 3527 899 3598 Mozatabieo
916 3530 1043 3620 primae
1062 3527 1138 3598 edi·

480 3630 581 3703 tionis
598 3626 770 3699 scribitur:
786 3637 988 3722 ,Aestupore
996 3624 1137 3722 palluit,

484 3731 575 3823 quod
592 3724 710 3799 melius
724 3771 734 3804 ,
750 3748 787 3794 ae
806 3724 940 3794 latinius
957 3742 1018 3806 est,
1035 3747 1136 3816 quam

482 3837 541 3897 ,Ae
553 3840 686 3922 stupore
703 3820 890 3918 oppalluit.
919 3823 957 3892 ln
975 3820 1141 3894 nonnullis

485 3918 1137 4014 etiamPrudentiieditionibuslegitur,

479 4018 630 4117 palluit.
657 4022 808 4093 Secunda
822 4020 949 4114 syllaba
965 4018 997 4090 in
1008 4017 1135 4106 frustra

484 4116 671 4208 corripitur
687 4144 705 4188 a
720 4120 906 4191 Prudentia
923 4168 934 4202 ,
960 4142 1046 4212 quae
1063 4142 1134 4189 me·

484 4215 549 4285 lius
564 4232 675 4283 tamen
689 4236 773 4287 esset
785 4221 1013 4307 producenda.
1029 4216 1134 4312 Quod

485 4311 590 4404 siquis
617 4310 648 4379 in
669 4309 719 4381 his
747 4338 884 4407 quoque
910 4317 1132 4387 mutationem

487 4411 633 4503 aliquam
649 4407 843 4491 desideret,
870 4413 1027 4506 exemplo
1060 4437 1136 4503 per·

487 4529 599 4584 motus
615 4509 837 4601 quorumdam
848 4508 980 4582 Galliae
997 4517 1136 4605 hymno·

491 4610 722 4702 graphotum,
750 4624 783 4675 et
811 4627 987 4679 censorum
1008 4634 1151 4690 ,recen--

489 4707 600 4784 tium,
627 4701 724 4775 facile
752 4702 906 4795 castigari
943 4728 1082 4797 possunt
1100 4711 1134 4783 hi

488 4825 603 4873 versus
618 4830 627 4870 s

541 4922 572 4968 1.
590 4898 863 4996 Confrequentant
875 4902 1078 4982 obsecrantes

538 5019 573 5071 a·
588 5004 722 5073 Frustra
738 5006 898 5100 congessit
907 5020 1022 5102 preces

1540 2375 1704 2461 Ll.

1252 2568 1284 2641 3.
1301 2555 1428 2619 Ductor
1447 2546 1548 2619 auiae
1562 2546 1741 2622 mundialis

1249 2669 1288 2739 4.
1302 2654 1380 2716 Esse
1398 2644 1523 2717 ctrtstt
1544 2646 1710 2744 defugas.

1210 2746 1371 2843 Quorum
1393 2743 1493 2817 loco:
1826 2823 1833 2834 ‚

1258 2868 1290 2915 1.
1311 2842 1502 2939 supplicum
1518 2847 1586 2915 ritu
1600 2844 1817 2943 frequentant

1255 2967 1289 3013 2.
1306 2940 1455 3011 contulit
1464 2940 1592 3027 frustra
1603 2958 1718 3038 preses

1259 3061 1292 3127 3.
1307 3037 1460 3108 Militum
1475 3048 1553 3113 Dux
1568 3037 1709 3124 infidelis

1255 3161 1290 3230 4.
1306 3142 1383 3202 Esse
1397 3133 1520 3205 Christi
1530 3135 1719 3305 perfugas.

1209 3232 1309 3328 Quae
1323 3229 1437 3304 omnia
1457 3234 1525 3306 inte
1544 3235 1603 3330 ligi
1619 3238 1754 3316 debent,
1764 3234 1791 3308 sl
1807 3238 1869 3335 hy·
1983 3281 1991 3290 ·

1205 3355 1301 3405 mnus
1329 3331 1370 3401 ad
1387 3330 1552 3405 rationem
1569 3332 1734 3407 trochaici
1751 3333 1866 3409 trime.

1209 3431 1251 3503 tri
1269 3430 1398 3521 poshac
1414 3428 1560 3523 legitimi
1575 3434 1618 3505 sit
1638 3434 1874 3505 revocandus·

1211 3532 1300 3602 Nam
1316 3527 1343 3596 si
1363 3526 1396 3596 in
1412 3552 1513 3601 versu
1531 3528 1663 3601 alterno
1680 3577 1691 3611 ,
1721 3529 1794 3602 siue
1808 3552 1868 3626 ert·

1212 3625 1339 3718 elpidio
1355 3624 1485 3714 primus
1514 3651 1572 3719 pes
1589 3629 1777 3719 spondaeus
1806 3630 1867 3702 sd·

1214 3721 1401 3801 mittatur,
1432 3742 1511 3795 tunc
1540 3726 1610 3796 duo
1639 3724 1687 3795 illi
1719 3745 1866 3809 uersus,

1213 3832 1426 3893 Mammonae
1466 3821 1674 3903 dicabimur,
1704 3839 1768 3905 ets,
1792 3830 1869 3896 Fen·

1210 3938 1279 3993 stra
1294 3919 1456 4012 congessit
1466 3938 1582 4018 preces
1609 3920 1691 3993 nulli
1709 3919 1867 4007 mutatio·
1892 4013 1894 4018 Ι

1212 4020 1244 4091 ni
1260 4034 1336 4091 sunt
1350 4019 1489 4091 obnoxii
1504 4067 1514 4090 .
1546 4020 1680 4092 Confer
1706 4020 1867 4094 Disseru-

1202 4117 1870 4212 tionempeneviaen§.lllllll.nunr.sa3..·

1208 4217 1416 4289 Prudentius
1430 4218 1500 4285 fere
1515 4218 1642 4308 ubique
1655 4235 1769 4290 servat
1780 4220 1866 4288 hane

1209 4312 1389 4410 regulam,
1415 4331 1452 4394 ut
1482 4313 1568 4387 loeis
1599 4315 1784 4407 imparibus
1814 4333 1874 4383 so·¹

1208 4415 1277 4488 lum
1295 4418 1491 4484 trochaeum
1509 4432 1639 4505 ponat.
1667 4416 1704 4483 ln
1737 4415 1867 4504 hymno

1212 4529 1324 4586 autem
1357 4512 1607 4583 Cathemerinon
1635 4524 1748 4604 opto
1776 4505 1870 4580 nnst.
1912 4576 1917 4594 ἱ

1214 4611 1295 4682 hora
1309 4607 1412 4682 semel
1430 4612 1637 4700 spondaeum
1654 4606 1774 4701 quinto
1788 4603 1866 4678 loeo

1209 4708 1356 4787 admisit,
1366 4706 1496 4778 Psaliat
1511 4706 1653 4777 altitudo
1668 4703 1770 4787 Caeli,
1780 4702 1870 4804 pul·

1206 4807 1279 4878 ient
1293 4827 1403 4875 omnes
1417 4806 1574 4899 angeli.
1593 4805 1681 4878 Nam
1698 4806 1791 4900 quod
1809 4826 1885 4901 sep

1207 4922 1367 4998 quentem
1410 4926 1544 4974 uersum
1573 4903 1694 4995 aliqui·
1721 4901 1864 4995 legunt,

1207 5002 1384 5099 Quidquid
1397 5017 1445 5080 est
1457 5002 1598 5079 virtutis
1613 5020 1765 5100 usquam,
1773 4992 1870 5094 put-

1924 5147 1941 5160 ι

1941 5189 1969 5224 '¹
2030 5219 2059 5238 's

1695 5315 1702 5326 Ι
1774 5203 2164 5501 Α
