5084 6234
683 843 776 946 ue
1046 818 1659 914 ‘ntnnontn

1021 967 1106 1055 uod
1142 964 1236 1054 inde
1270 963 1387 1052 fluxit
1438 964 1554 1054 uriot

1036 1087 1180 1185 Fides,
1204 1082 1323 1198 quod
1349 1109 1446 1172 arsit
1473 1084 1682 1191 charitas,

1028 1203 1183 1291 Cultus
1214 1205 1434 1292 Sacrorum
1467 1203 1631 1309 floruit,

1029 1323 1242 1436 Plenaque.
1265 1324 1397 1413 virtus
1427 1315 1576 1440 copia.

964 1443 1119 1531 Torum
1146 1440 1336 1527 Leandri
1359 1441 1557 1531 Praesulie

1025 1564 1209 1650 Debetur
1244 1560 1325 1649 alto
1355 1562 1547 1667 muneri,

1024 1679 1180 1771 Favore
1213 1678 1288 1792 qui
1321 1678 1550 1767 caelestium

1022 1801 1246 1919 Aggressus
1277 1822 1335 1885 est
1364 1797 1507 1915 ingens
1535 1826 1669 1918 opus.

966 1915 1026 2005 Te
1059 1945 1216 2035 pronus
1249 1914 1387 2019 orbis,
1419 1915 1630 2018 Trinitas,

1025 2037 1184 2123 Adoret
1212 2034 1560 2151 omnitempore,

1022 2158 1105 2256 Et,
1135 2178 1186 2241 ut
1212 2170 1424 2271 precantes
1448 2152 1627 2258 audias,

1018 2277 1126 2375 Fac,
1160 2294 1210 2360 nt
1242 2298 1453 2390 precemur
1486 2272 1675 2391 optima.

1068 2445 1070 2449 ¹
1175 2450 1185 2481 l

651 2500 882 2603 Minatur.
900 2538 931 2594 =
962 2460 1117 2601 Eccur
1142 2509 1329 2596 Leander
1360 2508 1501 2600 abdito

1020 2635 1139 2717 Lares
1171 2651 1353 2716 remotus
1380 2628 1564 2747 angulo,

1022 2748 1117 2834 Cur
1154 2772 1268 2835 tanta
1299 2777 1340 2833 ee
1368 2746 1623 2864 prudentia,

1023 2865 1117 2952 Cur
1148 2888 1261 2953 tanta
1293 2863 1423 2955 virtus
1455 2859 1641 2951 occulit‘i

938 2980 1003 3067 ·Si
1032 2984 1117 3071 fors
1149 2984 1360 3072 honorum
1391 2981 1584 3076 verticem

1018 3103 1168 3207 Vitas,
1193 3127 1242 3189 ut
1277 3104 1426 3191 umbra
1459 3098 1640 3217 corporis

1015 3220 1074 3302 llli
1103 3244 1328 3335 sequentur
1360 3221 1565 3338 impigre,

1020 3337 1237 3449 Quaerant
1265 3337 1455 3426 latentem
1486 3333 1700 3452 protinus.

961 3453 1092 3569 Quod
1124 3456 1157 3542 si
1186 3480 1378 3570 supremo
1405 3452 1582 3541 Numini

1026 3572 1183 3660 Vacare
1214 3570 1288 3656 soli
1318 3572 1513 3691 cogitas,

1022 3689 1082 3777 Te
1113 3722 1213 3779 cura
1244 3715 1387 3811 tangat
1416 3691 1625 3811 publiea,

1023 3809 1220 3928 Fidesque
1248 3809 1332 3929 jam
1359 3812 1617 3930 periclitans.

668 4020 800 4104 foisse,
825 4024 919 4116 quod
936 4046 981 4097 ex
1008 4023 1092 4095 Mes.
1121 4028 1242 4098 codiee
1269 4027 1332 4097 Bi·
1404 4031 1538 4098 1612..
1568 4027 1664 4098 Idem
1707 4020 1892 4095 Salazarius
1932 4021 2059 4099 testum

669 4118 864 4194 bliotlaecee
878 4120 1122 4196 vallicellanae
1134 4124 1330 4220 eolligunt.
1398 4125 1433 4195 S.
1446 4125 1593 4196 Leandri
1608 4123 1678 4193 diei
1705 4143 1765 4216 ²7·
1784 4118 1957 4195 Februarii
1978 4118 2062 4198 aest

669 4216 877 4294 Enitendum
900 4241 987 4295 esset
1005 4221 1267 4318 maximopere,
1292 4241 1330 4296 ut
1397 4238 1502 4316 gnat,
1536 4224 1593 4293 sed
1610 4243 1688 4293 cnm
1706 4219 1738 4291 in
1766 4220 1961 4310 Hispalensi
1978 4224 2067 4292 bre·-

669 4318 729 4392 hic
742 4322 853 4392 nonos
867 4320 952 4392 bene
968 4322 1216 4394 merentissimo
1228 4323 1331 4395 Prae·
1393 4319 1506 4391 riario
1520 4319 1661 4413 antiquo
1675 4321 1743 4393 dies
1762 4322 1953 4409 13.Mortii
1965 4318 1998 4393 ei
2012 4318 2063 4390 fe·

667 4418 734 4492 soli
750 4418 1008 4492 restitueretur.
1025 4420 1195 4517 Tamsyus
1214 4425 1257 4494 de
1272 4421 1331 4491 Sa·
1394 4436 1449 4492 sto
1478 4419 1642 4490 destinata
1670 4417 1802 4501 fuerit,
1833 4424 1952 4494 eadent
1986 4416 2063 4490 dier

667 4514 761 4591 letae
774 4518 808 4591 in
823 4520 1071 4616 Martyrologio
1086 4522 1266 4618 Hispanico
1285 4519 1329 4589 ad
1392 4540 1458 4610 pro
1472 4517 1631 4589 omnibus
1641 4518 1828 4611 Hispaniae
1842 4517 2062 4604 ecclesiieop·

667 4617 758 4688 diem
792 4621 828 4687 6.
853 4620 991 4718 Aprilis
1023 4620 1206 4714 queritur,
1235 4618 1329 4711 quod
1397 4616 1761 4707 portuniorvisaeet,
1795 4614 2060 4711 quaereligere·

665 4712 970 4792 conmemoratio
1016 4718 1258 4790 Transletionis
1297 4716 1331 4785 S.
1396 4732 1454 4785 tur
1482 4718 1767 4791 lastemnam
1785 4714 2062 4788 celebrandum.

667 4811 816 4887 Leandri
831 4839 873 4886 eo
889 4817 946 4890 die
975 4818 1008 4889 in
1026 4814 1199 4891 breviario
1215 4815 1335 4906 Hispa·
1400 4811 1596 4889 Celebatur
1608 4837 1721 4889 autern
1737 4816 1770 4884 S.
1787 4815 1942 4885 Leander
1958 4806 1989 4878 in
2005 4824 2061 4879 ec·

668 4908 854 4985 lensiensi
873 4918 978 4999 1528.
999 4916 1192 4996 celebrata,
1209 4915 1333 4987 deinde
1395 4912 1534 4998 elesiis,
1564 4935 1598 4986 et
1616 4912 1830 4987 dioecesibus
1852 4904 2061 5001 Hispalenei,

669 5010 801 5090 enisis
822 5011 932 5086 tuerit
974 5012 1010 5085 in
1042 5015 1218 5089 breviario.
1252 5013 1335 5088 enei
1397 5029 1435 5087 et
1450 5009 1726 5110 Carthaginiensi
1740 5006 1871 5093 titulo,
1895 5002 2062 5087 eeoffieie
