5084 6234
783 832 1577 958 Qolouoollnllllll
1795 861 1901 960 -419

509 988 663 1082 veteris
681 982 931 1088 testamenti,
944 1006 986 1070 er
1001 1006 1132 1070 totum
1145 1007 1306 1071 novum
1325 1004 1661 1103 praeter.partem
1685 977 1897 1101 Apoealy-

510 1109 613 1229 psis,
630 1132 678 1195 ut
695 1104 872 1193 diximus
886 1167 902 1209 ,
916 1098 1274 1221 epistolis,etaetis
1287 1101 1560 1236 apostolorum
1574 1099 1894 1220 >etiamrepetitin

512 1297 516 1302 .
636 1223 768 1340 Quod
778 1221 954 1341 pertinet
967 1218 1023 1307 sd
1036 1218 1296 1338 psalterium,
1310 1246 1355 1306 rn
1374 1218 1439 1309 illo
1456 1217 1657 1313 breviario
1671 1216 1793 1341 pauci
1804 1225 1898 1337 qui·

518 1346 614 1434 dam
630 1339 769 1462 psalmi
785 1341 1008 1461 saepissime
1025 1361 1296 1458 repetuntur,
1312 1333 1494 1459 plerique
1514 1367 1566 1428 ne
1594 1340 1713 1431 semel
1756 1339 1896 1430 uidem

517 1464 712 1583 leguntur
726 1485 816 1549 toto
831 1489 974 1548 anno.
1008 1458 1056 1545 ln
1073 1458 1153 1545 hoc
1170 1486 1311 1547 omnes
1339 1458 1532 1578 leguntur
1551 1365 1898 1577 singulieltebdo·

488 1632 490 1638 π
516 1581 648 1670 maffls
663 1580 748 1667 sine
768 1576 931 1681 taedio,
962 1607 1061 1665 nam
1076 1575 1244 1698 singulis
1257 1572 1369 1665 horis
1391 1572 1496 1667 terni
1511 1576 1650 1695 psalmi
1665 1601 1897 1666 accommo-

518 1700 697 1802 dantur,
712 1697 824 1787 nullo
837 1698 980 1786 eadem
995 1694 1252 1785 bebdomada
1269 1696 1461 1814 repetito.
1475 1695 1636 1785 Deinde
1654 1695 1699 1783 in
1716 1692 1785 1784 illo
1797 1721 1897 1784 san·

515 1842 676 1907 ctorum
690 1817 880 1908 historiae
895 1846 983 1904 non
997 1842 1153 1936 paucae
1163 1810 1357 1934 leguntur
1372 1838 1455 1903 tam
1472 1810 1568 1904 rudi
1579 1812 1695 1925 stylo,
1710 1836 1795 1904 tam
1810 1814 1896 1905 sine

516 1965 655 2025 rerum
666 1937 824 2025 delectu
837 1961 878 2024 et
891 1936 1114 2050 gravitate,
1145 1929 1511 2022 utsintinterdum
1527 1934 1808 2056 contemptui,
1840 1959 1899 2023 at·

514 2085 599 2173 que
616 2056 767 2146 derisui
781 2055 1033 2173 legentibus.
1067 2052 1114 2138 ln
1132 2050 1214 2143 hoc
1230 2048 1335 2138 nihil
1346 2050 1423 2140 tale
1443 2050 1627 2142 relictum
1645 2081 1734 2155 est,
1751 2052 1897 2144 omnia

516 2174 798 2267 suntcultiora
815 2174 1062 2292 ,graviora,
1084 2196 1128 2260 et
1143 2199 1193 2261 ex
1208 2169 1378 2260 historia
1392 2169 1655 2265 ecelesiastica
1665 2231 1684 2281 ,
1700 2176 1741 2264 e't
1755 2197 1895 2263 aucto·

514 2296 634 2385 ribus
661 2291 840 2412 probatis
854 2292 1127 2410 gravibusque
1143 2291 1365 2409 decerpta.

638 2418 842 2502 Postremo
857 2413 901 2495 in
921 2408 986 2495 illo
1000 2435 1158 2497 summa
1182 2406 1648 2527 eratconfusiopropter
1665 2404 1900 2525 regularum
1967 2446 1969 2449 ·

520 2528 823 2617 multitudinem
839 2592 853 2630 ,
869 2557 909 2616 et
920 2526 1253 2646 perplexitatem,
1281 2553 1323 2614 et
1336 2527 1532 2616 festorum
1563 2526 1870 2617 translationem
1882 2587 1901 2633 ‚

519 2672 562 2736 et
579 2648 711 2738 varias
726 2647 1159 2735 commemorationum
1174 2711 1188 2751 ‚
1203 2644 1520 2751 versiculorum,
1535 2639 1904 2769 responsoriorum.

521 2766 610 2855 anti
643 2767 848 2852 honarum
867 2760 1286 2869 ,etsintiliumrerum
1300 2760 1521 2856 laboriosas
1536 2789 1905 2886 ⁴acpatum‘gratres

520 2798 846 2988 imitationes,
878 2909 916 2971 et
931 2882 1310 3001 iterationes,quae
1326 2885 1474 2972 neead
1495 2879 1683 3004 pietatem
1695 2941 1713 2988 ,
1737 2908 1814 2970 nec
1841 2883 1904 2971 ed

524 3002 799 3121 cognitionem
830 3002 1050 3117 scripturae
1081 3028 1217 3092 sacrae
1232 3026 1476 3120 magnopere
1500 2997 1823 3093 conducebant.
1851 2998 1902 3085 ln

524 3121 604 3206 hoc
626 3120 772 3209 talibus
783 3119 980 3208 omnibus
1002 3115 1299 3235 impedimentis
1312 3116 1482 3209 sublatis
1511 3117 1556 3208 in
1570 3143 1709 3211 sacrae
1733 3113 1906 3239 scriptu·

522 3265 589 3325 rae
605 3238 806 3326 xcontinua
821 3235 990 3327 lectione
1007 3232 1292 3354 potissimum,
1318 3262 1361 3328 et
1386 3235 1578 3357 gravibus
1592 3262 1830 3332 sanctorum
1842 3238 1905 3327 hi·

518 3356 659 3445 storiis
671 3386 880 3446 versamur
898 3414 911 3455 ,
930 3358 1074 3477 paucis
1090 3383 1129 3446 et
1144 3356 1366 3475 perspicuis
1381 3358 1526 3476 regulis
1534 3353 1752 3478 appositis.

588 3508 592 3551 s
634 3477 781 3591 ltaque
794 3475 923 3593 siquis
952 3475 1164 3593 diligenter
1188 3476 1515 3581 animadvertat,
1542 3504 1585 3564 et
1613 3497 1905 3595 vetuspatrum

521 3592 767 3697 consilium,
801 3595 1117 3708 institutumque
1134 3593 1390 3699 consideret,
1418 3591 1541 3717 plane
1570 3591 1792 3712 intelliget,
1823 3597 1906 3682 hoc
1953 3650 1955 3654 -

520 3711 774 3808 ¹breviarium
787 3743 875 3799 non
905 3737 990 3800 tam
1007 3740 1088 3801 esse
1118 3731 1277 3805 novum
1289 3712 1535 3818 inventum,
1561 3735 1692 3828 quam
1717 3711 1905 3812 breviarii

524 3830 718 3921 veterisin
731 3828 1131 3937 commodiorem‚et
1143 3830 1358 3921 cultiorem
1368 3829 1545 3922 formam
1573 3829 1905 3935 restitutionem,

523 3949 691 4037 sublatis
708 3949 959 4067 quibusdam
972 3954 1095 4042 rebus
1110 4011 1125 4056 ‚
1140 3977 1250 4068 quae
1261 3948 1401 4041 medio
1424 3974 1603 4073 ternpore
1616 3976 1776 4071 praeter
1790 3948 1907 4073 judi·

523 4065 721 4171 cium,et
741 4065 979 4187 gravitatem
992 4071 1283 4190 obrepserant.
1677 4123 1680 4129 ·
1918 4069 2080 4151 fertone
2218 4153 2220 4158 ,

646 4190 773 4275 Porro
787 4215 1038 4306 quamquam
1070 4190 1253 4279 nonfuit
1268 4185 1390 4280 nobis
1413 4182 1667 4312 propositum
1682 4184 1909 4298 brevitati5

526 4300 599 4388 sed
613 4307 888 4396 commoditati
901 4304 1156 4426 precantium
1171 4310 1388 4398 consulere
1403 4331 1656 4428 ,utrumque
1672 4333 1811 4399 tamen
1830 4333 1913 4415 ‚ut
2016 4425 2018 4427 q

522 4427 764 4538 eperatnus,
796 4426 1002 4516 consecuti
1023 4428 1169 4517 sumus
1193 4482 1204 4514 t
1253 4426 1366 4517 Nam
1380 4422 1470 4518 licet
1498 4426 1691 4518 lectiones
1724 4428 1908 4546 singulae

526 4534 727 4657 longiores
738 4545 823 4634 sint
835 4544 878 4629 in
906 4543 987 4635 hoc
1009 4542 1244 4650 breviario,
1275 4567 1377 4636 sunt
1397 4568 1533 4635 tamen
1562 4569 1642 4636 tres
1657 4540 1909 4653 dumtaxat,

525 4682 623 4743 cum
638 4660 681 4746 in
695 4663 828 4798 priore
842 4660 1039 4780 adjuncto
1068 4662 1204 4759 officio
1217 4670 1359 4756 beatae
1375 4665 1546 4784 virginis
1576 4666 1660 4753 sint
1689 4661 1910 4757 duodecim

527 4803 623 4863 cum
636 4782 803 4867 tondem
822 4783 1056 4891 versiculis,
1089 4811 1129 4875 et
1147 4784 1437 4905 responsoriis,
1455 4805 1496 4871 et
1509 4784 1599 4871 licet
1612 4777 1781 4899 quidam
1796 4785 1905 4902 psal-

526 4894 584 4978 mi
600 4896 642 4981 in
661 4900 737 4987 hoc
765 4896 848 4988 sint
861 4896 1062 5021 longiores
1077 4963 1092 5009 ,
1110 4904 1153 4990 in
1169 4905 1235 4989 illo
1250 4925 1393 4990 tamen
1408 4901 1575 5019 singulis
1603 4901 1747 4991 diebus
1765 4902 1911 5019 legun-

527 5031 598 5103 tur
612 5017 922 5143 multoplures,
941 5018 978 5113 si
1007 5022 1193 5148 repetitos
1207 5045 1397 5113 numeres
1407 5042 1622 5230 tmanuam
1637 5019 1815 5111 diversos
1831 5081 1845 5108 .

1544 5164 1629 5260 gd
1660 5162 1689 5227 ²
