5084 6234
930 779 1582 877 secessissttcrs
1889 797 1947 913 a,

569 937 859 1056 langdunensis
874 932 973 1018 nulli
992 932 1126 1014 adhuc
1135 932 1277 1044 hymni
1296 930 1370 1015 nisi
1386 934 1428 1017 in
1447 929 1705 1050 completorio
1720 925 1948 1021 concinam·
2053 1017 2056 1021 ,

574 1082 641 1143 tut
659 1118 670 1140 .
691 1057 773 1140 Sed
789 1051 929 1142 velhic
960 1050 973 1131 i
1001 1078 1040 1134 se
1067 1050 1245 1159 hymnus
1273 1048 1315 1129 in
1333 1052 1587 1164 completorio
1613 1046 1840 1151 admissus,
1869 1054 1941 1165 qui

576 1174 743 1288 singulis
760 1171 866 1256 seriis
883 1230 896 1268 ,
917 1195 955 1253 et
968 1081 1075 1252 iestis
1106 1167 1366 1279 mutatur'(a)
1381 1230 1393 1265 ,
1411 1194 1449 1251 et
1474 1168 1746 1280 antiphonae,
1774 1196 1943 1283 respon,

567 1293 679 1380 ,soria
699 1318 893 1389 ,versus,
920 1314 960 1373 et
977 1283 1100 1370 multa
1115 1283 1193 1365 alia
1212 1345 1226 1383 ‚
1242 1312 1349 1394 quae
1365 1285 1455 1369 licet
1472 1313 1558 1367 non
1575 1284 1781 1399 desumpta
1812 1316 1862 1373 ex
1879 1290 1946 1373 Sa·

573 1402 653 1492 cris
673 1406 827 1492 Litteris
845 1405 886 1488 in
914 1403 1046 1488 officio
1064 1400 1255 1485 Ecclesiae
1273 1401 1557 1517 Lugdunensis
1571 1402 1789 1517 leguntur,
1825 1434 1947 1522 argu.

565 1552 713 1611 -mcnto
726 1549 823 1609 sunt
830 1553 877 1623 ,a
892 1516 1237 1635 Lugdunensibus
1254 1520 1366 1605 llocci
1382 1519 1560 1605 habitam
1573 1519 1694 1605 luisse
1710 1519 1774 1601 sui
1789 1520 1949 1637 Episco-

574 1640 619 1756 pi
649 1640 914 1739 sententiam,
945 1638 1172 1756 praesertim
1200 1667 1295 1723 cum
1326 1636 1405 1752 ipse
1441 1664 1580 1722 contra
1598 1631 1947 1749 Antiphonarium

572 1760 615 1842 S.
634 1755 818 1871 Gregorii
834 1754 979 1873 Magni
994 1816 1008 1854 ,
1022 1756 1095 1846 ,cu-i
1128 1755 1227 1838 illud
1253 1754 1560 1846 adscribendum
1578 1784 1657 1842 esse
1672 1755 1947 1871 pernegabat,

574 1873 769 1960 orationis
787 1902 883 1958 suae
898 1872 1029 1989 jacula
1061 1872 1308 1987 potissimum
1325 1874 1589 1959 contorsetit.

650 2021 744 2108 ¹.¹⁰·
792 1991 987 2077 Ceterum
1015 2016 1064 2073 ut
1087 2014 1316 2103 appareat,
1349 1992 1403 2072 ad
1436 1991 1611 2101 hymnos
1629 1996 1744 2106 quod
1777 1994 1945 2100 attinet,

576 2111 730 2199 nullam
760 2108 882 2194 fuisse
905 2107 1121 2224 Agobatdo
1149 2106 1373 2206 rationem,
1403 2136 1558 2193 eureos
1588 2110 1789 2226 rejecerit,
1821 2144 1950 2201 cano*

578 2258 671 2315 nem
692 2257 760 2342 30.
781 2225 956 2312 Consilii
971 2223 1335 2339 Agathensisanno
1356 2225 1451 2333 506.
1475 2254 1559 2309 non
1581 2229 1839 2317 modomulto
1856 2260 1949 2319 ante

574 2345 842 2461 Agobardum
860 2344 958 2443 ‚sed
975 2344 1093 2428 etiam
1113 2365 1210 2426 ante
1226 2341 1470 2426 Bracarense
1495 2342 1731 2429 Concilium
1762 2349 1948 2435 celebrati

574 2464 625 2547 in
643 2460 819 2547 medium
833 2461 1007 2576 proferre
1024 2489 1112 2544 non
1128 2456 1313 2573 pigebit„
1329 2520 1339 2541 .
1359 2460 1412 2542 Et
1427 2458 1527 2572 quia
1545 2461 1738 2548 convenit
1753 2527 1766 2565 ,
1784 2465 1950 2574 inquit,

499 2582 502 2585 ’
572 2645 602 2685 ,,
626 2579 817 2665 ordinem
830 2579 1024 2664 Ecclesiae
1043 2580 1094 2662 ab
1105 2575 1301 2662 omnibus
1319 2577 1534 2688 acqualiter
1551 2580 1743 2665 custodiri
1758 2645 1771 2681 ,
1789 2584 1952 2670 studen-

570 2762 603 2803 ‚,
633 2699 731 2782 dum
749 2720 830 2794 est,
864 2721 908 2781 ut
924 2696 1020 2780 sicut
1045 2696 1179 2808 ulique
1205 2691 1282 2808 fir,
1292 2715 1381 2808 post
1395 2694 1620 2806 erznplaonus
1633 2699 1869 2788 collectiones
1875 2730 1949 2815 pet

576 2881 604 2920 „
627 2816 797 2901 ordinem
816 2816 864 2896 ult
880 2813 1106 2927 Episcopis,
1130 2813 1188 2897 vel
1203 2810 1425 2926 Presbyteris
1445 2814 1621 2897 dicuntur
1638 2877 1651 2914 ,
1669 2816 1709 2899 et'
1722 2818 1853 2933 lyrnru
1866 2848 1948 2903 rna.

573 2998 603 3040 ,‚
626 2933 744 3020 sucini
756 2992 772 3030 ,
784 2931 844 3015 uel
857 2929 1055 3045 vespertini
1068 2929 1196 3014 diebus
1212 2931 1383 3013 ornatibus
1400 2931 1673 3031 decantentur,
1706 2957 1744 3015 et
1765 2938 1806 3017 in
1843 2963 1947 3018 con.-

575 3116 605 3157 „
637 3051 813 3138 elusione
831 3046 1150 3146 matutinarum,
1179 3046 1241 3133 vel
1270 3045 1588 3161 vespertinarum
1611 3049 1830 3135 Missarum
1858 3079 1948 3165 post

574 3232 604 3272 ,‚
627 3172 787 3283 hymnos
801 3163 978 3280 capitella
995 3164 1043 3247 de
1068 3162 1223 3277 psalmis
1241 3161 1464 3275 dicantur„
1482 3226 1491 3244 .
1510 3165 1712 3253 Sexennio
1731 3194 1821 3284 post
1836 3169 1952 3254 Con.

574 3284 716 3373 cilium
739 3285 976 3375 Bracatense
994 3281 1130 3367 habita
1142 3304 1202 3366 est
1223 3281 1416 3391 Synodus
1430 3280 1680 3369 Turonensis
1698 3314 1809 3370 anno
1824 3286 1951 3398 567„

577 3431 690 3518 quae
706 3401 908 3486 decretum
921 3396 1104 3484 Consilii
1119 3397 1371 3483 Bracarensis
1384 3397 1606 3515 singillatim
1626 3400 1787 3487 videtur
1806 3402 1951 3486 reluta·

579 3529 889 3632 'tecanoneay
920 3579 931 3601 .
961 3517 1115 3617 „Licet
1143 3516 1317 3626 hymnos
1348 3514 1640 3602 Ambrosianos
1668 3519 1888 3604 habeamus
1905 3516 1950 3602 in

575 3653 610 3743 ,',
630 3663 820 3745 ,canone3
834 3660 967 3732 tamen
984 3634 1082 3750 quia
1099 3632 1346 3765 reliquorum
1359 3658 1453 3721 sunt
1469 3634 1615 3746 aliqui,
1631 3633 1705 3742 qui
1721 3635 1832 3749 digni
1853 3657 1950 3723 suut
2048 3630 2063 3653 “

617 3978 676 4067 (Α)
699 3972 743 4042 Ρ.
760 3966 962 4048 Paulus-lli.
981 3967 1168 4040 Paciaudus
1194 3971 1228 4042 irs
1296 3967 1426 4061 scripto
1453 3968 1603 4040 Consilii
1634 3969 1882 4050 bracarensis,
1913 3983 1949 4043 et

575 4067 749 4165 (antiquit.
768 4066 887 4137 christ.
903 4068 943 4137 de
969 4064 1060 4138 culta
1081 4075 1113 4137 s.
1129 4075 1229 4143 leen—
1297 4066 1428 4139 monito
1444 4067 1478 4137 S·
1497 4065 1699 4158 agobardi:
1729 4090 1769 4137 ne
1783 4067 1833 4138 dit
1850 4064 1948 4163 point

582 4164 634 4233 nis
661 4166 825 4260 Baptistae
854 4162 1029 4233 Dissertat.
1047 4191 1083 4258 4.
1101 4180 1173 4260 cap.
1196 4171 1228 4233 6.
1297 4163 1328 4235 a*
1337 4174 1481 4257 Hymnes
1496 4167 1575 4235 dant
1589 4181 1661 4234 tous
1674 4187 1724 4235 ses
1736 4164 1866 4255 θῶας.
1880 4163 1952 4248 Ne.

576 4278 760 4351 postquam
801 4279 1015 4342 asseruerat.
1046 4261 1228 4333 Ecclesiam
1299 4285 1365 4353 que
1382 4260 1548 4335 silendum
1565 4280 1639 4346 est,
1665 4262 1950 4355 &sigobardum

574 4358 837 4452 Lugdunensem
855 4357 1101 4431 stantionibus
1116 4359 1231 4432 metri·
1296 4362 1450 4455 quamvis
1471 4363 1616 4455 hymnos
1631 4362 1673 4432 ab
1701 4360 1821 4431 officiis
1840 4357 1952 4429 eccle·

580 4455 630 4527 eis
649 4454 817 4528 abstinere
833 4468 1068 4551 praeterquam
1083 4460 1118 4529 in
1136 4466 1231 4528 com·
1293 4456 1437 4532 siasticis
1462 4457 1689 4530 amandaverit
1716 4504 1728 4537 ,
1756 4473 1952 4528 nontamen

568 4551 720 4654 pletatis
735 4599 748 4635 ,
769 4550 950 4636 subjicitis
967 4554 1087 4634 Nota,
1121 4577 1230 4648 neque
1298 4554 1345 4629 ab
1357 4553 1395 4629 iis
1410 4555 1592 4646 pangendis
1610 4555 1853 4634 abhorruisse,
1870 4559 1952 4630 cuni

467 4696 471 4706 ·
567 4650 756 4744 'inpugnat
780 4647 996 4722 assertionem
1016 4652 1160 4734 falsam,
1194 4654 1228 4722 et'
1298 4650 1389 4722 illius
1407 4650 1567 4746 Hymnus
1582 4650 1614 4718 in
1630 4646 1867 4720 Translatione
1886 4649 1951 4723 Re·

575 4750 818 4840 quadamtenus
831 4750 1034 4820 contrariam
1048 4750 1140 4821 Petri
1152 4750 1231 4820 Pet·
1292 4746 1476 4839 liquiarum
1493 4745 1743 4839 SS.Mattyrum
1764 4743 1950 4843 Cypriani,

535 4924 539 4933 Ι
563 4843 800 4937 ,sinzupiscopi
815 4844 1033 4941 Pontiopolis
1048 4846 1078 4915 in
1090 4846 1231 4928 Gallis,
1299 4843 1431 4935 Spera-ti
1448 4889 1459 4921 ‚
1484 4861 1517 4912 et
1532 4841 1743 4917 Pantaleonis
1755 4849 1801 4918 ad
1815 4867 1875 4917 uos
1891 4847 1955 4920 uti
2003 4883 2005 4888 r

536 5043 538 5048 Ι
573 4942 1128 5039 fluodEcclcsiaLugdunensisex
1142 4966 1236 5040 ptao·
1304 4961 1371 5038 qut
1384 4938 1600 5034 pettenetit·
