5084 6234
863 812 1509 907 nccessrasrrcrs
1789 843 1879 939 ,ογ

553 987 649 1080 235.
679 958 791 1044 Tum
810 959 1038 1078 aggreditur
1055 958 1107 1043 ad
1126 958 1388 1072 probandum
1406 1022 1420 1062 ,
1456 953 1693 1044 catholicam
1711 984 1797 1042 non
1817 988 1881 1046 es-

490 1082 747 1174 serationem
768 1079 997 1192 loquendi,
1030 1108 1115 1191 qua
1136 1075 1274 1162 Deitas
1303 1080 1422 1163 Trina
1444 1074 1623 1179 dicitur,
1657 1105 1771 1193 posse
1788 1076 1877 1193 ejus

492 1199 581 1288 loco
598 1199 727 1317 poni,
759 1200 815 1281 Te
839 1220 974 1284 sonem
991 1198 1132 1283 Deitas
1152 1258 1162 1280 .
1197 1197 1428 1314 Respondet
1445 1222 1647 1310 praeterea
1663 1194 1878 1284 contrariis

490 1317 765 1433 quorumdam
793 1343 1009 1403 auctorum
1025 1312 1213 1432 exemplis
1232 1376 1246 1415 ,
1282 1315 1433 1429 quibus
1450 1314 1657 1415 eundem,
1688 1314 1749 1405 vet
1766 1312 1879 1400 simi·

489 1438 568 1523 iem
584 1435 781 1546 loquendi
798 1438 968 1521 modurn
1000 1460 1242 1553 usurpatum
1257 1434 1379 1520 fuisse
1412 1432 1700 1519 Gothescalcus
1727 1432 1880 1519 confir-

491 1559 657 1644 mabat.
693 1554 793 1667 Quo
819 1555 908 1640 loco
926 1556 1064 1642 haeret
1098 1584 1206 1669 aqua
1224 1552 1479 1654 Hincmaro,
1512 1581 1643 1666 neque
1663 1580 1710 1636 ea
1731 1546 1878 1658 affert,

494 1675 647 1791 quibus
661 1702 700 1757 se
720 1675 772 1758 ab
788 1671 1084 1789 objectionibus
1100 1673 1265 1760 extricet
1281 1736 1292 1758 .
1310 1672 1441 1789 Quod
1459 1670 1643 1757 enimait
1663 1735 1676 1773 ,
1700 1672 1882 1757 Pruden-

496 1796 600 1882 tium
618 1790 761 1876 dixisse
779 1853 792 1891 ,
807 1792 978 1877 Numine
993 1792 1135 1908 tripiici
1152 1855 1165 1893 ,
1180 1794 1239 1876 vel
1251 1792 1417 1878 Nomine
1433 1855 1446 1893 ,
1464 1821 1499 1876 ee
1515 1787 1855 1908 trinnmpPietutem
1865 1852 1882 1894 ,

496 1939 535 2000 et
552 1906 646 1996 alibi
665 1909 719 1993 ad
748 1911 1114 1996 demonstrandum
1130 1937 1207 1996 tres
1236 1914 1430 1995 Personas
1450 1906 1579 1994 unius
1604 1911 1883 2012 substantiae,

500 2033 577 2117 En
604 2026 680 2113 trin
698 2059 847 2115 summa
866 2031 1007 2131 Dens,
1032 2029 1178 2114 trinum
1215 2029 1435 2146 specimen,
1461 2030 1636 2144 itemque
1668 2030 1887 2116 Aratorem

496 2146 689 2266 scripsisse
713 2147 854 2234 trinam
874 2150 1133 2248 Poscentem,
1165 2151 1231 2235 sed
1263 2151 1376 2235 merri
1405 2146 1666 2250 necessitate,
1693 2177 1790 2264 pune
1804 2174 1885 2233 non

490 2265 730 2383 praeiudicat
760 2265 897 2353 liberae
912 2266 1012 2382 fidei
1026 2264 1292 2382 simplicitati3
1321 2268 1364 2350 id
1380 2268 1583 2376 inquam,
1614 2287 1716 2354 recte
1731 2268 1885 2372 habet;

499 2410 540 2472 at
553 2382 736 2498 quiderit
751 2413 912 2486 causae,
923 2414 998 2470 cur
1015 2409 1156 2470 auctor
1172 2384 1319 2496 hymni
1335 2388 1381 2469 de
1398 2385 1595 2470 communi
1603 2386 1884 2501 plurMnrtpr.

498 2501 641 2587 eadem
656 2502 892 2590 defensione
912 2534 998 2589 non
1017 2528 1184 2604 utatur,
1204 2533 1299 2589 cum
1316 2502 1397 2588 fere
1412 2504 1552 2589 eadem
1570 2495 1885 2591 sintvocabuls‘i

496 2620 641 2705 Videri
673 2647 802 2738 potest
832 2622 1093 2710 Christianus
1123 2627 1266 2740 Lupus
1283 2620 1386 2739 (1),
1415 2620 1487 2738 qui
1504 2619 1696 2707 monachi
1727 2618 1887 2708 Gothe·

494 2736 641 2824 scalchi
662 2768 908 2843 aerumnas,
942 2769 982 2829 et
1008 2771 1206 2828 carcerem
1236 2742 1474 2843 miseratus,
1505 2771 1592 2857 ejus
1616 2761 1782 2829 causam
1809 2740 1886 2826 ad·
2019 2770 2023 2777 ·

495 2884 634 2945 versus
650 2857 922 2945 Hincmarum
938 2887 1097 2947 tuetur.
1115 2852 1203 2976 Qui
1220 2881 1356 2946 autern
1371 2861 1512 2977 Lupus
1528 2855 1888 2972 asseruerit‚qu0d

496 2974 669 3061 omultis
683 2976 822 3065 seculis
838 2979 880 3062 in
896 2982 1035 3095 hymno
1049 2976 1425 3096 deSSMnrtpribus
1438 2977 1607 3063 cantavit
1626 2979 1748 3064 omnis
1761 2976 1885 3066 inritas

496 3092 676 3198 ecclesio,
697 3101 752 3181 Te
768 3096 874 3182 trina
903 3098 1069 3199 Deitas,
1102 3119 1254 3214 unaque
1279 3095 1507 3213 poscimus,
1538 3121 1624 3179 non
1658 3090 1755 3184 satis
1784 3125 1889 3185 aese-

498 3239 634 3325 quor;
665 3213 1002 3332 quandoquidem
1030 3218 1162 3304 statim
1196 3246 1241 3303 ac
1279 3215 1338 3301 itle
1354 3217 1537 3330 hymnus
1570 3213 1768 3334 divulgari
1800 3231 1889 3305 coe·

502 3328 592 3465 pit,
623 3334 865 3422 Hincmarus
910 3364 1000 3421 eam
1030 3333 1225 3451 loquendi
1270 3333 1508 3436 rationem,
1545 3333 1782 3434 damnavit,
1813 3365 1891 3422 cu-

502 3478 567 3655 pas
579 3448 642 3540 vel
660 3454 934 3569 argumentis,
968 3446 1030 3543 vel
1067 3450 1304 3543 auctoritate
1320 3453 1454 3570 plures
1484 3452 1665 3539 ecclesiae
1684 3475 1886 3570 permotae

514 3568 786 3710 oquutionen]
803 3577 845 3659 in
865 3576 978 3660 hunc
993 3572 1164 3658 modum
1183 3597 1477 3675 correxerunt,-
1494 3575 1549 3655 Te
1566 3589 1719 3658 summa
1736 3569 1893 3688 Deitas,

501 3714 651 3805 unoque
665 3719 889 3807 poscimus.
1084 3799 1088 3806 ,
1823 3798 1825 3801 ⁴

565 3813 664 3923 236.
698 3812 753 3897 lta
773 3811 916 3898 cecinit
933 3797 1158 3923 antiquitus
1191 3811 1350 3898 ecclesia
1369 3807 1577 3912 Romana,-
1615 3826 1746 3924 neque
1776 3809 1895 3900 aliter

431 3929 437 3939 '
505 3954 692 4041 unquam
712 3928 897 4016 cecinisse
916 3952 1097 4031 constat,
1136 3930 1270 4019 donec
1286 3933 1364 4019 sub
1382 3933 1555 4017 Urbano
1579 3931 1688 4015 Vlll.
1710 3955 1756 4018 ut
1773 3927 1888 4017 metri
1951 3963 1953 3968 ·

503 4044 565 4132 lex
581 4070 808 4136 servaretur
824 4105 839 4149 ,
870 4050 1005 4139 leviter
1020 4071 1223 4138 correctus
1239 4058 1304 4142 est'.
1317 4079 1488 4152 versus,
1508 4051 1563 4135 Te
1580 4065 1731 4135 summa
1757 4080 1780 4135 o
1797 4046 1890 4135 Dei·

506 4180 597 4263 tns,
625 4196 778 4282 unoque
794 4170 988 4284 poscimus
1007 4167 1149 4253 ,Aliae
1167 4161 1347 4257 ecciesiae
1365 4234 1379 4272 ,
1409 4195 1448 4254 et
1463 4169 1701 4255 monasteria
1720 4159 1892 4285 primam

507 4280 717 4366 lectionem
738 4289 1021 4389 retinuerunt,
1063 4317 1171 4402 quae
1192 4287 1235 4373 in¹
1254 4287 1456 4377 breviario·
1478 4286 1744 4373 Cluniacensi
1760 4295 1893 4399 queri·

508 4400 657 4489 tumvis
673 4408 886 4497 emendato
901 4408 1044 4495 eodem
1059 4407 1183 4495 modo
1207 4434 1458 4529 perseverate
1486 4408 1661 4493 Similem
1688 4399 1903 4522 loquendi¹

506 4621 751 4702 monachorum·
782 4619 1017 4699 casinensium
1045 4682 1056 4701 .
1083 4616 1169 4700 Fere
1229 4635 1359 4699 ctorem
1373 4617 1738 4697 meritisconfeeerinr.¹

506 4733 621 4788 omnes
651 4719 703 4789 isti
721 4722 878 4795 Monaehi
911 4746 985 4817 post
1003 4727 1165 4799 Hincma·
1275 4734 1329 4816 (ι)
1357 4723 1502 4799 Tom.2.
1516 4745 1612 4815 oper.
1631 4721 1778 4795 Disserta
1795 4735 1896 4815 post*

506 4830 581 4886 tum
611 4815 801 4891 floruerunt
830 4863 841 4903 ‚-
875 4848 983 4917 neque
1014 4827 1057 4920 de
1083 4826 1165 4907 his,
1226 4827 1323 4896 hum.
1353 4826 1397 4894 de
1412 4822 1558 4894 vocibus
1585 4823 1802 4906 substantia,
1833 4840 1892 4896 es«.

507 4912 561 5005 q'ui
590 4939 841 5005 praecesserunt
858 4941 946 4991 certa
962 4921 1042 4992 duci
1057 4927 1164 5014 potest
1224 4921 1354 5004 sentia,
1381 4944 1524 5017 persona
1537 4938 1605 4995 etc.

505 5014 725 5106 coniectura,
750 5025 843 5113 quod
858 5025 1048 5115 hymnum,
1079 5028 1163 5092 Sen-
