5084 6234
685 841 770 938 ¹92-
1064 812 1215 900 'DE
1273 811 1640 904 Htttttts

685 953 1031 1056 nitatealicnum3
1064 952 1097 1040 si
1112 982 1204 1039 raro
1235 954 1378 1069 aliquis
1397 954 1579 1066 hymnus
1599 958 1792 1065 rhythmo
1826 959 2079 1080 minuspto·

681 1075 775 1193 prio
796 1074 1043 1193 compositus
1073 1072 1347 1174 adhibeatur,
1371 1075 1516 1162 tectius
1547 1100 1683 1163 tamen
1700 1079 1818 1180 lore,
1848 1082 1880 1169 si
1893 1079 2072 1190 rhythmi

683 1193 861 1280 duarum
876 1189 1195 1281 consonantium
1228 1191 1460 1279 nullatenus
1475 1193 1572 1282 novi
1592 1196 1857 1285 admittantur
1877 1229 2075 1302 ;monen·

682 1310 725 1398 di
749 1337 849 1401 sunt
876 1338 1109 1440 praeterea,
1148 1312 1221 1423 qui
1256 1310 1421 1422 hymnis
1446 1313 1659 1399 cudendis
1693 1344 1859 1434 opetsm
1884 1333 2072 1422 navant,

674 1458 767 1546 ¹non
783 1461 846 1518 nia
877 1460 932 1514 no
950 1429 1288 1546 inpretiohabeti
1304 1429 1482 1515 laborem
1503 1429 1684 1541 rhythmi
1696 1434 1822 1520 unius
1836 1460 1994 1523 tantum
2004 1466 2075 1523 vo·

678 1545 771 1673 dalis
784 1549 961 1640 similiter
980 1546 1228 1649 desinentis,
1261 1576 1308 1635 ac
1328 1546 1501 1650 multum
1523 1550 1740 1668 elegantiae
1775 1552 1956 1669 deperire
1972 1539 2076 1676 poass

676 1695 757 1770 se,
785 1670 817 1757 si
845 1694 1001 1786 praeter
1028 1664 1126 1753 alias
1158 1667 1401 1756 necessarias
1432 1668 1541 1756 hanc
1578 1671 1707 1790 legem
1734 1669 1809 1757 sibi
1839 1672 1966 1767 velint
1994 1674 2078 1785 imss.
2204 1696 2207 1702 ’

675 1814 827 1904 poqere
855 1783 950 1905 (a).

678 1957 814 2059 populo
834 1970 1016 2039 cantandus
1033 2012 1043 2047 ,
1059 1963 1117 2059 qui
1132 1978 1250 2049 tomo.
1265 1980 1340 2062 ope·

679 2085 756 2137 rum
774 2084 890 2145 extat,
919 2064 1009 2135 nulla
1022 2062 1119 2135 metri
1139 2061 1212 2156 lege
1227 2060 1340 2155 alliga·

678 2175 751 2249 tur,
768 2181 869 2255 prout
880 2162 951 2255 ipse
967 2164 1069 2235 docet
1083 2172 1226 2246 ltttroct.
1240 2157 1341 2235 itur.

678 2277 843 2359 tapam:
866 2262 966 2331 habet
984 2280 1098 2331 autem
1119 2280 1340 2352 unaquaeque

678 2358 851 2454 alphabeti
881 2358 993 2430 littera
1006 2356 1190 2429 duodecim
1221 2379 1339 2430 versus

677 2457 884 2555 syllabarum
902 2455 1070 2529 sexdecim
1086 2455 1338 2549 singulos,quos

640 2599 641 2602 =
676 2555 909 2632 alildi‘vidnot
923 2555 953 2625 in
970 2557 1077 2635 duos,
1090 2553 1241 2646 singulos
1257 2570 1338 2625 octo

677 2649 885 2751 syllabarum
914 2702 925 2735 ,
954 2652 1016 2723 nisi
1051 2651 1143 2745 quod
1184 2652 1340 2723 nonnus&

1966 1805 2071 1909 211.

1400 1971 1493 2039 Tom.
1514 1988 1545 2060 3.
1561 1970 1686 2065 Antip.
1706 1968 1816 2040 italic.
1843 1968 1982 2039 Dissert.
2003 1994 2087 2063 40.

1399 2066 1631 2146 demonstrat,
1650 2068 1959 2149 sersus'leorrinos,
1978 2091 2069 2159 quo·
2098 2073 2102 2080 '

1401 2188 1476 2237 rum
1491 2163 1622 2236 scilicet
1647 2167 1732 2236 duae
1750 2183 1940 2257 postremae
1956 2164 2074 2261 sylla·.

1399 2265 1461 2335 bae
1478 2261 1541 2333 sibi
1566 2280 1775 2343 consonant,
1807 2280 1882 2335 ante
1909 2263 2060 2335 Leonem

1399 2358 1620 2433 Parisiensem
1649 2378 1783 2452 poetam
1800 2359 1927 2434 saeculi
1952 2361 2063 2443 llll„

1398 2458 1459 2553 qui
1487 2482 1529 2529 eo
1561 2464 1683 2552 gene‘te
1709 2459 1892 2531 delectatus
1921 2477 1970 2532 est
1986 2508 1998 2543 ,
2027 2457 2062 2531 in

1398 2580 1497 2629 usum
1515 2556 1619 2628 luisse
1635 2557 1815 2629 inductos.

1448 2663 1499 2747 (a)
1529 2656 1560 2725 Α
1579 2654 1664 2726 Ver.
1685 2656 1776 2727 Beda
1795 2652 1868 2725 Lib.
1887 2657 1927 2726 de
1945 2655 2068 2725 metris·

676 2773 779 2846 quam
796 2750 1003 2845 syllabarum
1031 2752 1190 2824 numerus
1207 2749 1338 2830 variat,
1393 2767 1499 2852 prope
1507 2747 1567 2836 lin.
1586 2754 1797 2835 edocemur,
1813 2754 1880 2847 iam
1901 2771 1981 2823 tunc
1998 2777 2059 2824 ex·

676 2853 824 2934 fortasse
838 2849 918 2943 quia
931 2869 1049 2939 sersus
1063 2865 1245 2940 corruptus
1261 2865 1311 2919 est
1326 2894 1338 2928 ‚

678 2947 943 3043 etcorrecrione
959 2946 1115 3041 indiget.
1134 2944 1250 3018 Finitis
1268 2967 1342 3017 vet·

634 3065 638 3072 ’
678 3043 770 3139 sibus
789 3047 829 3120 ad
856 3044 1004 3141 singulas
1031 3045 1340 3139 litterasperrittett·
1370 3063 1374 3074 ·

677 3146 793 3226 iibus,
828 3144 916 3216 redit
943 3168 1079 3237 semper
1095 3142 1338 3241 hypopsalma,

624 3250 626 3254 ’
679 3243 751 3321 stve
770 3244 944 3335 responsio
963 3241 1081 3314 iisdem
1097 3245 1210 3313 verbis
1224 3264 1341 3311 conce·

679 3362 760 3443 pta.
774 3342 807 3416 S.
826 3339 1037 3432 Augustinus
1057 3339 1121 3409 loc.
1137 3341 1193 3412 cit.
1209 3349 1338 3423 Retrac.

680 3455 801 3524 notat,
827 3440 862 3511 id
876 3461 943 3510 ase
957 3437 1083 3509 factum
1098 3486 1109 3520 ,
1137 3449 1172 3510 et
1199 3454 1265 3509 tres
1281 3458 1341 3527 po·

679 3561 822 3634 stremas
845 3536 973 3618 litteras
991 3535 1162 3629 alphabeti
1189 3553 1341 3629 praeter·

680 3640 824 3736 missas,
854 3634 937 3707 nihil
953 3657 1038 3706 vero
1055 3635 1138 3707 dicit
1154 3632 1340 3706 declausu·

682 3727 715 3820 la
729 3757 916 3825 versuum,
933 3739 988 3827 qui
1002 3758 1119 3806 omnes
1136 3736 1293 3805 desinunt
1307 3733 1341 3802 in

682 3837 843 3929 &qnod
860 3834 891 3903 in
908 3852 975 3906 tam
988 3832 1091 3926 longo
1106 3834 1232 3924 psalmo
1246 3854 1341 3904 casus

682 3933 797 4010 videti
828 3955 893 4002 non
926 3934 1049 4014 debet.
1083 3930 1189 4020 Quod
1221 3952 1344 4001 nomen

683 4027 968 4121 huiccarminum
984 4027 1097 4120 generi
1112 4027 1236 4109 luerit,
1251 4028 1345 4108 latet,

687 4152 799 4223 neque
830 4123 1042 4218 explotrtnm
1070 4142 1146 4207 est,
1173 4150 1242 4220 quo
1261 4144 1345 4195 tem·

687 4225 775 4328 pore
807 4223 861 4295 lric
888 4247 967 4296 usus
999 4222 1206 4296 increbuerit
1238 4273 1249 4306 ,
1288 4229 1347 4293 aut

684 4325 902 4426 quandonam
921 4322 1131 4411 iucotperit.
1161 4324 1249 4394 Nam
1264 4321 1348 4392 anti·

661 4443 664 4450 ’
683 4429 850 4522 'quintum
866 4420 1046 4513 exempla,
1066 4443 1151 4511 quae
1168 4423 1348 4511 proferun-

686 4541 750 4600 tur
762 4572 774 4607 ,
788 4545 854 4595 non
867 4537 944 4593 sunt
958 4543 1066 4613 aeque
1080 4536 1196 4599 certa.
1213 4522 1262 4592 Ex
1278 4539 1349 4588 car·

686 4622 843 4704 minibus
859 4618 954 4715 vulgi
983 4620 1071 4691 forte
1084 4617 1211 4712 aliquid
1236 4634 1350 4712 posset

695 4705 932 4801 innot'isc'ere3
963 4720 1023 4789 'se'd
1035 4742 1079 4788 ea
1090 4729 1153 4787 nott
1170 4734 1246 4789 snm
1268 4736 1351 4787 con·

680 4834 828 4916 ⁴servata
846 4864 857 4897 ,
883 4839 960 4888 sum
976 4841 1076 4888 nemo
1090 4820 1261 4900 curaverit
1278 4836 1354 4907 poe·

682 4935 785 5012 ,norm
801 4912 923 4993 rudia,
954 4935 986 4983 et
1005 4914 1157 5006 impolita
1176 4912 1354 5008 posterita-

680 5014 948 5122 attondente„
965 5007 1176 5126 llqtqtorips
1216 5015 1355 5131 quidem

1399 2850 1507 2922 titisse
1535 2849 1666 2943 aliquos
1684 2854 1833 2945 hymnos
1850 2874 1915 2920 non
1943 2849 2062 2921 metri·

1400 2972 1481 3040 cos,
1507 2951 1566 3019 sed
1582 2963 1712 3019 tantum
1728 2946 1942 3043 rhythmicos
1958 2968 2060 3031 ,cer-

1398 3066 1590 3121 tonumero
1602 3045 1809 3141 syllabarum
1826 3045 1897 3118 sine
1925 3062 2061 3140 postre-

1400 3169 1458 3219 mo
1473 3145 1547 3218 lusu
1564 3150 1749 3218 verborum
1765 3143 1926 3217 similiter
1942 3146 2065 3218 eaden·

1399 3249 1483 3318 tium
1499 3244 1700 3315 conclusos.
1718 3243 1921 3335 Quomodo,
1938 3243 2071 3335 inquit,

1400 3344 1509 3414 instar
1524 3340 1660 3411 iambici
1675 3345 1773 3412 metri
1778 3342 2006 3438 pulcherrime
2015 3340 2068 3426 fa·

1403 3454 1473 3513 ctus
1486 3452 1534 3508 est
1546 3438 1685 3531 hymnus
1692 3439 1751 3510 ille
1761 3438 1954 3536 praeclarus
1968 3467 1977 3509 ε
1994 3447 2074 3523 Rex*

1401 3552 1533 3611 artcrm
1567 3539 1736 3619 Domine,
1768 3546 1890 3625 Rerum
1931 3550 2062 3606 creator

1400 3636 1547 3709 omnium
1560 3686 1572 3710 .
1585 3682 1620 3705 ..
1636 3651 1670 3706 et
1683 3636 1744 3706 alii
1757 3632 1980 3713 Ambrosiam
1994 3651 2060 3702 nors

1397 3736 1526 3834 parci.
1553 3743 1637 3805 Item
1651 3738 1695 3805 ad
1704 3731 1850 3821 formam
1866 3734 1963 3807 metri
1991 3746 2062 3801 tro·

1405 3834 1515 3907 choici
1528 3834 1813 3927 ronustlrymmrm
1827 3833 1928 3903 dedit
1942 3828 2076 3905 suriest.

1401 3949 1463 4032 per
1475 3928 1699 4028 alphabetum
1713 3928 1910 4027 ,apparebit
1923 3927 2068 4025 repenti·

1407 4054 1450 4104 na
1465 4030 1533 4100 dies
1547 4051 1669 4124 magno
1684 4029 1840 4112 nomini,
1867 4037 1932 4099 Fur
1945 4026 2072 4099 osseus

1407 4153 1446 4200 ra
1458 4127 1553 4199 vetur
1567 4141 1661 4196 noste
1678 4128 1873 4227 improvisos
1889 4141 2067 4225 occupant.

1408 4224 1612 4299 Declinante
1626 4223 1719 4296 latini
1747 4233 1910 4297 sermonis
1928 4225 2068 4321 elegan-

1409 4325 1456 4397 tis
1469 4322 1603 4416 avulgo
1616 4325 1657 4394 ad
1674 4326 1793 4396 doctos
1804 4329 1886 4396 haec
1902 4324 1988 4398 tatio
2001 4342 2074 4394 cat·

1410 4427 1536 4497 minum
1553 4421 1775 4512 permanavit.
1792 4423 2000 4497 Mutatorius
2012 4441 2073 4490 ses

1410 4545 1449 4595 ro
1462 4520 1585 4593 ion'cit.
1601 4521 1714 4612 plnres
1728 4545 1845 4594 versus
1858 4522 1931 4594 solo
1947 4518 2071 4612 rhyth-

1410 4645 1467 4692 mo
1496 4637 1650 4691 constare
1679 4622 1824 4692 ctedidir
1855 4668 1864 4695 .
1899 4616 1956 4710 qui
1985 4634 2070 4684 vete

1411 4716 1670 4801 suntmetrici3
1708 4735 1781 4789 nam
1808 4714 1972 4787 aliisunt
1998 4725 2083 4780 tros

1412 4817 1519 4890 choici
1539 4820 1609 4901 eins
1625 4814 1779 4913 generis,
1799 4813 1890 4905 quod
1907 4811 2073 4902 spondae·

1413 4941 1452 4998 os
1466 4915 1617 5011 qualibet
1631 4917 1710 5001 sede
1726 4926 1962 5002 praeterquam
1980 4908 2011 4978 in
2026 4929 2074 4977 se·

1401 5011 1690 5114 ssptimarecipit,
1717 5006 1777 5086 alii
1807 5006 1975 5082 trochaici
2001 5006 2076 5091 eius
