5084 6234
942 811 1586 933 ajccsustnsttcts
1905 811 1963 929 ⁶7

577 985 678 1052 num
695 962 737 1045 in
754 962 917 1071 hymnis
934 957 1226 1071 componendis
1241 953 1286 1038 S.
1297 954 1499 1043 Ambrosii
1512 954 1742 1072 exemplum
1754 947 1878 1040 fuisse
1892 984 1954 1039 se-

574 1107 782 1199 quntum:
802 1078 1051 1162 ErdtBtnto
1072 1074 1217 1160 Gelasio
1231 1077 1336 1188 Pupu
1351 1075 1525 1159 scribitur
1539 1134 1552 1170 ,
1567 1077 1668 1188 quod
1688 1097 1894 1172 tracturus,
1917 1099 1956 1157 tt

573 1206 731 1319 hymnos
746 1198 786 1281 in
805 1222 947 1279 rnorem
966 1192 1076 1276 Beati
1091 1193 1283 1277 Ambrosii
1297 1192 1545 1306 composuerit
1563 1251 1572 1272 .

633 1319 705 1433 83.
739 1312 849 1398 Sicui
875 1337 1008 1396 tamen
1027 1310 1242 1395 auctoritas
1254 1309 1478 1395 Walafridi
1501 1308 1625 1399 levior
1643 1334 1723 1394 esse
1736 1309 1954 1416 videatur,

573 1437 654 1524 nisi
669 1427 891 1545 antiquiori
904 1425 1129 1513 testimonio
1143 1432 1441 1532 corroboretur,
1457 1427 1635 1545 primum
1651 1426 1834 1528 dicimus,
1842 1429 1954 1514 Wa-

573 1554 764 1641 lafridum
782 1577 866 1633 non
883 1546 1003 1631 fuisse
1021 1544 1066 1629 id
1085 1546 1380 1633 affirmaturum
1397 1550 1457 1648 ,si
1477 1548 1576 1631 nulli
1596 1546 1743 1658 hymni
1759 1548 1801 1630 in
1820 1548 1956 1634 Eccle-

572 1673 634 1762 sia
660 1674 844 1755 Romana
859 1692 935 1750 suo
950 1691 1128 1781 tempore
1147 1692 1442 1783 usurparentur
1462 1729 1474 1751 .
1492 1670 1591 1751 Non
1608 1664 1717 1750 enim
1740 1665 1853 1751 facile
1871 1694 1956 1751 cre-

575 1790 758 1877 dendum
774 1812 858 1884 est,
876 1786 917 1867 S.
938 1782 1144 1868 Gelasium
1161 1813 1270 1869 more
1299 1788 1339 1869 S.
1358 1784 1560 1873 Ambrosii
1578 1789 1753 1897 hymnos
1788 1814 1958 1902 compo-

577 1908 696 1994 suisse
711 1964 723 2000 ‚
739 1904 813 2016 qui
832 1930 964 1988 tamen
983 1905 1136 1993 Romae
1156 1931 1239 1987 non
1257 1903 1596 1990 decantarentur.
1624 1903 1788 1988 Deinde
1804 1904 1957 2019 adjun-

576 2054 664 2144 gere
680 2051 899 2141 possumus
928 2021 1275 2106 confirmationem
1303 2048 1352 2106 ex
1380 2023 1648 2109 vetustissimo
1679 2023 1856 2139 catalogo
1874 2027 1959 2109 Ro*

532 2151 534 2156 ’
579 2171 793 2230 manorum
816 2137 1099 2241 Pontificum,
1143 2166 1266 2252 quem
1301 2137 1369 2222 Cl.
1404 2139 1957 2256 Blanchinius·edidit'(1)=

571 2323 600 2367 ,‚
636 2260 742 2345 Fecit
761 2260 826 2374 [S.
840 2256 1053 2373 Gelasius]
1072 2286 1110 2345 et
1126 2260 1302 2369 hymnos
1319 2256 1362 2338 in
1393 2257 1561 2342 modum
1576 2258 1688 2345 Beati
1721 2260 1924 2345 Ambrosii
1944 2325 1955 2345 .

575 2443 607 2484 „
638 2377 744 2463 Fecit
759 2402 797 2461 et
811 2378 1159 2462 Sacramentorum
1175 2372 1443 2492 praefationes
1462 2400 1583 2461 cauto
1601 2405 1781 2460 sermone
1798 2436 1825 2476 „
1839 2369 1959 2462 Con-

574 2495 697 2584 sentit
728 2494 929 2611 catalogus
946 2494 1190 2579 Pontificum
1219 2524 1267 2581 ex
1288 2492 1573 2607 antiquissimis
1591 2494 1833 2581 membranis
1845 2496 1960 2610 pala·

576 2615 672 2705 cinis
688 2613 956 2700 bibliothecae
976 2612 1199 2698 Vaticanae
1216 2609 1290 2726 (2)
1303 2646 1354 2713 „s
1370 2612 1446 2697 Hic
1467 2610 1524 2726 [S.
1545 2609 1748 2726 Gelasius]
1767 2608 1859 2697 fecit
1875 2628 1959 2699 tra-'

581 2793 610 2836 ‚,
640 2758 768 2818 cratus
783 2796 796 2832 ,
812 2756 851 2816 et
880 2733 1083 2843 hymnos,
1106 2730 1210 2815 sicut
1225 2735 1373 2817 Beatus
1387 2732 1629 2818 Ambrosius
1644 2796 1671 2833 „
1691 2791 1701 2813 .
1719 2733 1772 2817 Et
1788 2730 1961 2818 Genna-

577 2853 669 2940 dius
688 2851 727 2934 S.
750 2849 909 2933 Gelasio
925 2852 1187 2961 synchronus
1204 2846 1303 2964 (3):
1330 2850 1436 2935 Ftcit
1457 2876 1495 2932 et
1508 2852 1664 2967 hymnos
1686 2853 1726 2935 in
1743 2847 1961 2936 similitudi-

579 3000 663 3056 nem
685 2967 878 3053 Ambrosii
908 2965 1128 3083 Episcopi:
1147 2967 1237 3051 Scio
1256 3030 1269 3067 ,
1297 2996 1410 3086 caput
1427 2995 1496 3080 94.
1528 2970 1570 3053 in
1594 2967 1842 3085 quibusdam
1870 2968 1961 3051 edi-

577 3086 763 3174 tionibus
780 3110 847 3183 ,et
861 3086 1072 3173 codicibus
1086 3087 1186 3170 Mss.
1217 3085 1459 3186 desiderari,
1475 3087 1572 3188 sed,
1587 3113 1634 3173 ut
1660 3110 1824 3172 notatur
1841 3084 1881 3170 in
1899 3088 1961 3173 Bi-

578 3203 760 3293 ltliothtcn
781 3202 1044 3289 Ecclesiastico
1062 3200 1260 3303 Fabricii,
1297 3202 1396 3286 illud
1417 3207 1465 3289 alr
1483 3206 1685 3305 Honorio,
1721 3231 1758 3288 et
1772 3204 1960 3291 coelitibus

623 3320 766 3436 erisque
776 3320 996 3438 agnoscitur
1014 3382 1025 3405 .
1042 3320 1141 3405 Non
1159 3346 1216 3407 est
1231 3346 1348 3422 certe,
1359 3350 1433 3407 cur
1452 3322 1708 3423 Gennadius,
1726 3320 1797 3436 qui
1814 3322 1855 3402 S.
1874 3322 1958 3407 Ge-

576 3440 726 3528 lasium
748 3438 888 3524 laudat
906 3439 1033 3528 obiter
1065 3439 1108 3523 in
1142 3439 1221 3524 fine
1246 3438 1368 3540 libri,
1401 3469 1495 3525 eum
1529 3442 1736 3526 nonnullis
1765 3438 1957 3553 operibus

579 3560 661 3677 jam
677 3558 868 3645 celebrem
885 3557 989 3645 inter
1004 3557 1501 3674 scriptoresecclesiasticos
1514 3590 1598 3644 non
1612 3557 1801 3645 retulerit.
1819 3554 1960 3668 Quid'l

579 3708 751 3796 magnus
779 3675 839 3760 ille
875 3675 1099 3797 Gregorius
1132 3705 1269 3761 nonne
1304 3673 1478 3792 plures,
1510 3678 1763 3794 egregiosque
1782 3676 1960 3786 hymnos

580 3796 763 3884 condidit
796 3793 961 3882 diversis
989 3793 1266 3910 temporibus,
1299 3795 1436 3894 sestis,
1469 3795 1670 3909 Horisque
1687 3793 1815 3881 divini
1833 3789 1955 3878 officii

581 3912 941 4002 accommodatos?
972 3918 1144 4030 legatur
1164 3912 1441 4023 Hymnatium
1468 3910 1521 3995 V.
1556 3911 1686 3998 Catd.
1718 3909 1961 4014 'lhomasii,

580 4057 620 4116 et
631 4064 726 4149 pag.
744 4033 842 4150 360.
862 4032 1109 4146 reperientur
1133 4057 1283 4145 septem
1300 4028 1387 4145 ejus
1402 4030 1557 4144 Hymni
1575 4094 1590 4132 ,
1607 4064 1705 4150 pag.
1725 4031 1823 4147 362.
1841 4032 1957 4127 duo,

578 4175 681 4265 pag.
699 4151 793 4262 406.
813 4170 943 4263 etseq.
960 4150 1045 4233 duo
1064 4209 1079 4248 ,
1103 4145 1175 4263 qui
1193 4145 1234 4231 in
1252 4148 1384 4235 officio
1400 4148 1658 4237 ecclesiastico
1675 4150 1875 4264 hodieque
1903 4178 1960 4234 re·

583 4264 762 4350 citantur
774 4301 800 4343 ε
816 4263 943 4352 Primo
960 4266 1104 4351 dierum
1122 4265 1290 4352 omniurn
1309 4295 1380 4353 etc.
1398 4326 1412 4365 ‚
1427 4303 1456 4346 =
1475 4268 1600 4356 Nocte
1625 4295 1819 4391 surgentes
1833 4265 1962 4384 uigile-

577 4411 666 4468 mus
694 4411 821 4468 omues
849 4410 951 4487 ern,
976 4383 1124 4500 Pagina
1139 4410 1352 4501 vero410.
1367 4422 1396 4467 =
1411 4389 1511 4477 Ecce
1533 4387 1621 4504 jntu
1650 4389 1770 4479 nuens
1785 4408 1965 4472 tenuatur

578 4503 713 4587 umbro
736 4527 810 4587 etc.
919 4535 922 4540 ·
1550 4555 1553 4559 μ

1567 4628 1587 4708 1
1620 4653 1647 4712 2

631 4807 686 4893 (r)
708 4805 745 4876 In
759 4804 1016 4901 prolegomenis
1025 4811 1065 4879 ad
1080 4807 1168 4881 vitas
1181 4809 1248 4882 Ro·
1299 4830 1373 4881 rum
1391 4811 1432 4881 ad
1449 4810 1536 4880 Acte
1552 4804 1703 4879 ssttait
1718 4826 1815 4899 p.74.
1841 4826 1911 4896 pat.
1930 4827 1962 4876 r.

590 4925 764 4974 manorum
785 4903 1016 4978 Pontificum.
1365 4913 1420 4996 (3)
1456 4907 1513 4978 De
1544 4906 1711 5003 Scriptor.
1744 4900 1963 4977 ecclesiastic.

641 5009 695 5094 (a)
719 5001 757 5074 ln
787 5003 982 5101 Propylaeo
1006 5004 1252 5078 Bolltudisuo·
1301 5007 1452 5105 capit.
