5084 6234
829 761 1489 887 acccustnsrtcrs
1721 777 1725 785 ’
1776 815 1859 920 εις

471 934 656 1064 Subinde
672 971 770 1034 eum
785 937 968 1057 rhythmi
976 933 1165 1058 vulgares
1193 931 1240 1022 in
1258 963 1439 1027 utuetse
1458 936 1713 1057 coepissent,
1743 941 1868 1060 pleri.

471 1100 556 1188 que
570 1097 611 1157 se
643 1065 794 1154 adhoc
808 1061 991 1151 studium
1002 1056 1053 1183 in
1069 1055 1323 1183 carminibus
1335 1059 1460 1182 sacris
1470 1058 1742 1148 contexendis
1764 1086 1882 1150 con--

467 1209 710 1287 uerterunt,
730 1181 833 1269 nihil
845 1178 988 1269 soliciti
1014 1180 1066 1266 de
1082 1178 1330 1297 syllabarum
1346 1180 1457 1272 brevi
1472 1186 1489 1283 ,’
1502 1206 1579 1268 aut
1595 1178 1717 1385 lonpa
1735 1208 1871 1295 quan.

470 1313 613 1410 ritate,
647 1295 873 1392 dummodo
899 1298 1010 1389 certo
1032 1326 1181 1388 earum
1205 1325 1379 1386 numero
1398 1329 1544 1392 versus
1570 1323 1674 1389 conc
1688 1295 1871 1390 oderen-

470 1456 572 1520 tur.
604 1430 646 1515 S.
657 1423 843 1512 Thomas
873 1419 1005 1507 eidem
1029 1421 1124 1511 viae
1153 1417 1327 1522 institit,
1352 1448 1454 1526 ¹pum
1483 1421 1662 1535 hymnos
1695 1417 1743 1538 ip
1765 1417 1870 1511 fests

468 1552 544 1639 SS.
560 1542 758 1666 Corporis
785 1535 946 1630 Christi
977 1540 1179 1660 coniecit,
1205 1537 1391 1631 imitatus
1415 1540 1466 1629 in
1495 1540 1673 1663 vesperis
1701 1565 1867 1631 carmen

469 1667 726 1758 trocheicum
739 1657 1062 1753 archilochium:

829 1780 967 1900 Pange
993 1775 1137 1900 lingua
1165 1777 1329 1898 gloriosi

829 1895 1032 2019 Corporis
1064 1900 1333 2014 mysterium,
1478 1992 1480 1996 ,

826 2017 1135 2139 sanguinisque
1165 2016 1360 2136 pretiosi,

827 2140 970 2258 Quem
996 2140 1040 2224 in
1065 2138 1213 2224 mundi
1232 2134 1408 2257 pretium
1432 2164 1508 2225 etc.

465 2263 524 2352 Et
552 2263 598 2348 in
616 2264 819 2354 matutino
848 2258 1103 2373 dactylicum
1128 2255 1434 2375 asclepiadeum
1457 2284 1559 2345 cum
1583 2279 1740 2373 quarto
1766 2255 1872 2379 pht-

468 2380 676 2472 recratio.

702 2496 841 2591 Sacris
856 2494 1059 2587 solemniis
1068 2491 1215 2612 ⁴juncta
1233 2489 1317 2582 sint
1332 2489 1513 2613 gaudia,

624 2727 627 2732 ἢ
708 2617 824 2733 Etcx
842 2616 1089 2741 praecordiis
1103 2640 1251 2704 sonent
1263 2616 1511 2754 praeconia3

706 2740 1068 2830 Recedant-vetera
1083 2799 1098 2839 ,
1112 2763 1225 2827 nova
1244 2761 1327 2825 smt
1343 2736 1482 2823 omnia

826 2857 1001 2958 Corda,
1017 2879 1353 2974 voces,·et·opera
1373 2915 1389 2941 .

468 2976 523 3064 {rt
552 2976 749 3066 laudibus
757 3007 861 3071 vero
874 2975 1097 3064 iambicum
1116 2974 1340 3063 dimetrum
1360 3036 1372 3059 .

824 3096 1018 3185 Verbum
1032 3124 1080 3180 su
1110 3123 1257 3180 eruum
1275 3092 1498 3211 prodiens,

823 3217 912 3305 Nec
928 3212 1054 3303 Patris
1064 3213 1261 3331 'lmquens
1274 3214 1521 3322 dexteram,

827 3333 898 3421 Aa
914 3363 1019 3452 opus
1034 3361 1159 3421 suum
1176 3332 1345 3438 exiens,

831 3451 961 3540 Venit
982 3452 1041 3540 ad
1060 3454 1166 3544 vitae
1179 3482 1422 3573 vesperam.

465 3571 636 3662 Frustra
650 3568 963 3690 justam-pedum
985 3573 1312 3676 dimensionem,
1327 3569 1873 3690 ‘acsyllabarumquantitao'

467 3693 554 3780 tem
568 3691 614 3779 in
631 3690 879 3805 his'hymsis
901 3691 1119 3807 requiras,
1145 3721 1245 3782 cum
1277 3719 1467 3781 auctores
1484 3689 1771 3814 metri'legibus
1784 3717 1868 3780 seoe

474 3809 633 3934 alligate
650 3808 884 3898 noluerint.
1816 3841 1818 3846 ·

531 3958 583 4048 ¹4
589 3960 627 4045 5.
661 3933 723 4018 Eo
741 3954 878 4018 autem
889 3930 1013 4022 latius
1026 3933 1129 4019 haec
1143 3929 1405 4020 consuetudo
1422 3924 1606 4024 manavit
1622 3995 1636 4037 ,
1651 3924 1869 4049 quodiam

470 4077 626 4181 paucae
641 4075 773 4140 essent
787 4112 802 4152 ,
818 4080 864 4136 ac
882 4082 969 4139 non
995 4057 1096 4141 bene
1113 4052 1309 4142 audirent
1326 4052 1522 4142 Ecclesiae
1536 4112 1552 4157 ,
1564 4083 1671 4169 quae
1688 4052 1869 4167 hymnos

476 4163 713 4283 rejicerent.
752 4168 994 4283 Guilielrnus
1016 4171 1350 4292 Durandus(1)
1378 4173 1518 4263 seculo
1539 4199 1608 4292 13.
1633 4171 1867 4264 scribebatt

472 4283 755 4401 inquitisum
768 4289 955 4378 Ecclest't's
978 4294 1001 4376 h
1027 4321 1139 4380 mnus
1157 4324 1234 4378 nort
1251 4314 1417 4384 cuntant
1432 4357 1446 4400 ,
1463 4292 1567 4413 quod
1582 4324 1712 4385 tomen
1730 4316 1874 4407 appru-

469 4405 641 4543 hunnum
663 4437 743 4495 non
770 4436 859 4512 est,
891 4442 1069 4529 quomam
1095 4412 1275 4501 nuntiae
1302 4446 1423 4504 cuuto
1442 4447 1468 4503 o
1487 4417 1564 4503 SS.
1583 4413 1764 4502 Patribus
1778 4424 1872 4497 suat

473 4525 674 4614 emrttuti.
707 4532 919 4644 Postquam
940 4561 1038 4617 vero
1057 4534 1197 4622 seculo
1223 4560 1290 4650 14·
1314 4534 1561 4635 Perrarcha,
1593 4531 1761 4647 aliisque
1784 4521 1879 4613 eni-

472 4643 681 4751 tentibus,
700 4676 833 4740 novus
856 4648 1047 4768 splendor
1063 4652 1223 4741 Litteris
1257 4648 1446 4773 affulgere
1480 4651 1694 4755 visusest,
1754 4643 1800 4760 ui
1816 4673 1875 4734 se·

472 4758 567 4849 culo
582 4769 770 4881 sequenti
787 4797 941 4860 auctus
964 4773 1020 4859 ad
1037 4772 1144 4863 illam
1161 4772 1311 4861 deinde
1328 4772 1548 4862 claritatem
1565 4836 1581 4876 ,
1599 4801 1646 4861 ac
1663 4679 1878 4895 perlectio-

1421 4937 1425 4944 ·
1483 4894 1514 4988 P
1548 4918 1577 4987 a

523 5033 581 5119 (r)
606 5025 665 5102 De
680 5029 812 5105 Divino
824 5030 1048 5124 officiolib.5.
1063 5054 1208 5128 capnt.
1224 5059 1323 5114 num·
1337 5054 1399 5130 ²3·
