5084 6234
952 793 1594 890 ECCLESIASTICIS
1903 829 1953 916 17

577 969 730 1060 semper
745 941 827 1027 luit
846 937 1016 1029 habita.
1055 938 1321 1026 Adnectenda
1337 969 1434 1028 vero
1462 968 1519 1028 est
1546 935 1738 1057 generalis
1754 940 1955 1050 quaedam

574 1061 711 1178 regula
737 1063 817 1144 aS.
834 1059 1070 1171 Augustino
1095 1058 1268 1156 tradita,
1304 1082 1344 1142 et
1373 1059 1426 1141 ad
1455 1084 1700 1173 praesentem
1724 1085 1952 1146 controver-

573 1181 677 1266 siam
702 1181 757 1265 ab
771 1177 913 1261 eodem
931 1182 1077 1261 Sancto
1095 1177 1271 1259 Doctore
1289 1176 1548 1265 accomodata
1565 1176 1639 1291 (1)
1657 1234 1667 1257 .
1688 1233 1716 1274 „
1746 1174 1879 1259 Miror
1892 1204 1958 1261 sa·

572 1359 605 1401 „
636 1328 686 1383 ne
704 1359 717 1397 ,
732 1293 836 1409 quid
853 1294 906 1379 ita
921 1293 1092 1383 volueris
1107 1353 1120 1391 ,
1137 1318 1185 1377 ut
1200 1293 1249 1375 de
1268 1290 1342 1391 iis,
1359 1323 1464 1406 quae
1479 1294 1588 1383 varie
1610 1320 1680 1410 per
1701 1290 1853 1381 diversa
1870 1292 1958 1381 loca

572 1477 601 1518 „
633 1420 930 1510 observantur,
964 1409 1035 1495 ribi
1062 1409 1196 1521 aliqua
1212 1406 1452 1514 scriberem,
1479 1443 1573 1499 cum
1594 1437 1632 1500 et
1650 1439 1735 1494 non
1762 1412 1811 1497 sit
1828 1440 1958 1498 neces·

572 1594 603 1635 „
633 1532 808 1628 sarium,
840 1552 879 1613 et
909 1557 994 1610 una
1026 1527 1068 1611 in
1102 1527 1165 1611 his
1193 1524 1451 1615 saluberrima
1480 1530 1616 1646 regula
1649 1528 1857 1615 retinenda
1883 1530 1957 1631 sit,

572 1712 603 1754 „
633 1675 679 1734 ut
695 1675 799 1761 quae
827 1674 912 1729 non
943 1669 1040 1731 sunt
1054 1670 1196 1732 contra
1214 1643 1362 1746 fidem,
1396 1677 1526 1761 neque
1550 1674 1690 1733 contra
1724 1647 1852 1732 bonos
1868 1674 1957 1732 mo-

572 1829 601 1869 „
631 1794 723 1864 res,
753 1764 970 1849 et'habent
1000 1762 1155 1875 aliquid
1179 1762 1231 1845 ad
1267 1763 1586 1851 exhortationem
1618 1763 1722 1853 vitae
1757 1763 1956 1866 melioris,

572 1946 603 1989 „
629 1882 880 1993 ubicumque
905 1877 1059 1965 institui
1089 1877 1303 1980 videmus,
1335 1881 1408 1977 vel¹
1434 1884 1613 1970 instituta
1650 1880 1960 1996 cognoscimus,

574 2065 602 2106 „
635 2028 720 2085 non
736 1999 867 2085 solum
883 2026 969 2083 non
1001 1996 1271 2112 improbemus
1285 2027 1308 2098 ,·
1327 2000 1533 2085 sedetiam
1552 2002 1741 2086 laudando
1760 2028 1798 2083 et
1810 2000 1961 2084 imitan-

575 2170 606 2223 „
632 2123 681 2203 do
712 2144 893 2204 sectemur
926 2141 1032 2215 ete,
1063 2114 1232 2199 maxime
1265 2116 1337 2216 id,
1370 2118 1484 2229 quod
1517 2118 1636 2204 etiam
1668 2116 1716 2201 de
1745 2116 1959 2232 scripturis

576 2300 604 2343 „
635 2235 795 2320 defendi
812 2259 963 2347 potest,
990 2233 1093 2319 sicut
1109 2230 1157 2313 de
1187 2233 1384 2343 hymnis,
1403 2261 1441 2320 et
1457 2235 1614 2350 psalmis
1629 2234 1823 2323 canendis
1837 2297 1850 2335 ,
1864 2264 1960 2320 curn

575 2418 605 2459 „
636 2380 676 2439 et
706 2352 830 2463 ipsius
859 2350 1061 2449 Domini,
1094 2373 1133 2433 et
1157 2349 1446 2466 Apostolorum
1476 2354 1696 2439 habeamus
1726 2378 1930 2464 praecepta
1945 2414 1961 2453 ,

578 2534 609 2575 „
642 2494 682 2555 et
696 2465 900 2581 exempla.
923 2529 951 2569 „
977 2470 1097 2580 Quae
1118 2475 1241 2556 verba
1257 2498 1306 2552 eo
1325 2467 1515 2555 libentius
1533 2467 1733 2585 excripsi,
1758 2467 1860 2578 quia
1872 2468 1964 2583 Epi-

577 2587 751 2684 stolam,
780 2614 828 2670 ex
844 2614 928 2696 qua
959 2585 1024 2671 hic
1041 2586 1152 2669 locus
1169 2585 1403 2699 desumptus
1427 2612 1511 2687 est,
1544 2583 1767 2698 aliquando
1799 2583 1961 2676 citatam

576 2704 684 2804 vidi,
715 2699 834 2814 quasi
870 2731 920 2787 ex
953 2705 1057 2787 eaS.
1079 2701 1237 2789 Doctor
1269 2704 1446 2814 Hymnis
1477 2704 1704 2791 contrarius
1734 2723 1959 2817 arguatur.'

578 2827 641 2909 Ex
657 2821 719 2906 his
734 2849 827 2935 ergo
845 2817 1075 2935 intelligitur
1092 2849 1269 2916 ,morem
1289 2822 1483 2907 cantandi
1502 2824 1544 2905 in
1562 2822 1734 2908 Ecclesia
1751 2822 1963 2931 Hymnoa,

577 2941 665 3025 licet
682 2966 769 3022 non
802 2936 956 3049 ubique
976 2938 1028 3022 ab
1046 2939 1236 3024 omnibus
1261 2937 1385 3026 fuerit
1415 2946 1679 3039 obser-vatus,
1711 2960 1759 3020 ut
1783 2962 1965 3050 postmo-

579 3057 678 3141 dum
693 3083 745 3140 ex
761 3052 943 3140 dicendis
964 3054 1031 3139 fiet
1047 3054 1333 3157 manifestum,
1358 3057 1574 3149 honestum
1608 3084 1743 3143 tamen
1773 3081 1884 3156 esse,
1914 3085 1962 3142 ac

580 3170 870 3271 retinendum,
904 3174 1070 3258 eumad
1089 3173 1410 3259 exhortationem
1426 3175 1531 3263 virae
1550 3172 1733 3260 melioris
1751 3172 1965 3285 conferat,

584 3313 624 3373 et
641 3318 664 3372 a
683 3284 878 3391 Christo,
904 3315 1024 3401 atque
1041 3288 1242 3404 Apostolis
1273 3291 1468 3408 originem
1494 3291 1654 3379 duxerit
1673 3349 1687 3387 ,
1719 3314 1760 3374 et
1778 3314 1962 3376 constan·

580 3429 640 3493 ter
660 3404 705 3489 in
720 3407 890 3492 maxima
906 3403 1099 3492 Ecclesiae
1117 3434 1261 3524 parte,
1292 3437 1330 3498 et
1347 3437 1370 3495 a
1385 3409 1582 3527 plerisque
1600 3409 1755 3496 Sanctis
1776 3406 1962 3501 Patribus

582 3551 678 3613 cum
692 3522 812 3610 laude
830 3523 952 3619 fuerit
966 3530 1274 3640 frequentatus,
1957 3552 1960 3558 ’

1181 3767 1223 3890 ς.
1283 3771 1358 3856 ur.

828 3947 995 4059 Quinam
1011 3947 1088 4036 sint
1115 3947 1155 4033 in
1172 3947 1274 4037 novo
1286 3951 1524 4036 Testamenta
1541 3944 1725 4067 Hymni?

615 4147 681 4210 20.
693 4066 834 4245 Igitur
851 4127 1150 4215 edisserendum
1178 4127 1260 4243 jam
1277 4152 1336 4214 est
1358 4127 1407 4214 de
1424 4129 1599 4239 Hymnis
1634 4129 1677 4219 in
1705 4154 1814 4219 novo
1828 4122 1963 4229 Testa·¹

586 4259 721 4326 mento
754 4273 828 4334 aut
843 4245 1033 4362 repertis,
1068 4269 1140 4330 aut
1167 4244 1386 4346 indicatis,
1420 4272 1491 4333 aut
1523 4247 1768 4365 praeceptis.
1804 4249 1865 4335 Ac
1884 4241 1966 4364 pri·
2064 4266 2068 4276 ’

584 4378 705 4467 mum
718 4361 1014 4477 Archangelum
1030 4361 1285 4465 Gabrielem,
1315 4393 1410 4451 cum
1440 4368 1487 4449 B.
1504 4364 1716 4483 Virginem
1747 4364 1964 4482 salutauit,¹

588 4491 713 4557 usum
728 4475 844 4566 luisse
861 4485 1061 4594 Hymno,
1089 4479 1236 4568 scilicet
1250 4483 1453 4584 carmine,
1479 4509 1518 4568 et
1535 4483 1809 4571 modulatione
1828 4481 1965 4578 vocis,-

585 4613 635 4677 nc
652 4590 830 4693 similiter
844 4601 1086 4715 reapondisse
1106 4595 1355 4724 Deiparam,
1389 4601 1573 4724 pluribus
1594 4597 1819 4811 gontendit
1848 4596 1966 4694 Ruti·

604 4866 693 4950 ·l¹)
720 4864 858 4975 'styra-a
902 4869 986 4942 edit.
1027 4874 1146 4947 Vener.
1188 4901 1243 4947 an.
1294 4876 1570 4960 tionerlanuarii
1597 4880 1962 4980 num.34·c0l.141·s

590 4978 809 5057 ¹7⁸904W0
827 4967 964 5060 55alib·
982 4972 1241 5067 202d2lnqttiai·
1293 4989 1440 5071 erreqq.
1827 5025 1829 5030 ,
1961 5025 1968 5037 .
