5084 6234
661 981 667 994 Ι
861 853 1512 960 Ech-Eslns'rlc'rs
1796 863 1878 982 ''r-97

490 1009 704 1114 ductoret,
732 1011 848 1126 facile
878 1013 955 1103 eibi
989 1012 1274 1130 persuadebit,
1307 1014 1379 1127 qui
1414 992 1756 1122 eorum‘carmin'a
1776 995 1881 1104 evol·

485 1137 614 1228 verit.
649 1135 696 1216 ln
730 1132 938 1222 breviariis
954 1131 1444 1232 Gallicanisrecentibus,
1476 1133 1537 1218 uri
1568 1133 1611 1217 in
1637 1131 1880 1238 Parisiensi‚

487 1254 655 1364 aliisque
671 1252 877 1339 Santoiius
893 1252 1160 1354 Victorinus,
1192 1251 1362 1366 ejusque
1396 1251 1520 1337 frater
1551 1253 1881 1340 Santonus-Ma,

487 1373 721 1492 giorianue,
739 1401 785 1456 ac
797 1372 914 1458 cereri
932 1369 1028 1456 culti
1044 1381 1184 1488 poetae
1200 1370 1326 1486 hujus
1342 1370 1540 1488 praecepti
1557 1373 1701 1487 poetici
1723 1370 1879 1460 nullam

487 1493 691 1579 rationem
706 1491 967 1590 habuerunt,
1000 1491 1082 1579 sive
1103 1489 1302 1581 divisione
1318 1518 1512 1581 versuum
1529 1488 1655 1577 delusi
1671 1516 1801 1590 tunt,
1833 1489 1884 1604 ti·

485 1639 534 1701 ve
562 1640 611 1696 ex
628 1610 704 1696 hac
721 1606 923 1695 divisione
938 1635 1081 1697 contra
1114 1611 1334 1725 antiquum
1351 1636 1503 1692 morem
1536 1638 1650 1726 agere
1668 1609 1745 1699 sibi
1764 1609 1878 1697 licere

488 1729 801 1816 existimarunt.
828 1731 874 1812 ln
908 1730 1095 1843 hymno,
1127 1733 1262 1816 herten
1293 1726 1461 1845 sesequi
1478 1728 1568 1844 jnm
1589 1729 1746 1847 ¹peregit
1762 1725 1879 1831 ,irie

488 1865 716 1936 concursus
736 1847 939 1934 vocalium
974 1850 1080 1935 inter
1112 1877 1276 1952 unum,
1305 1874 1345 1934 et
1377 1849 1545 1934 alterum
1584 1849 1726 1964 pedem
1759 1843 1884 1956 temel

491 1961 730 2054 observatur
779 1968 866 2055 sine
908 1967 1070 2054 elisione
1097 2028 1111 2069 ,
1141 1970 1269 2083 Atque
1312 1988 1467 2085 portuen
1503 1996 1736 2084 prnepnrnre
1769 1969 1877 2055 Arcu

489 2087 632 2174 inundo
654 2080 884 2206 nnufrugo(
909 2086 956 2200 ).
1861 2139 1866 2146 ·

493 2233 503 2256 ‘
548 2223 645 2322 223¹.
682 2205 781 2290 Non
799 2231 857 2293 est
872 2233 1008 2293 autern
1024 2205 1394 2319 praetereundum,
1420 2208 1535 2322 quod
1552 2204 1770 2295 Ricciolius
1788 2205 1882 2324 aui-

486 2321 686 2412 madvcrit
700 2323 776 2438 (1)
791 2388 799 2407 .
815 2323 1059 2435 Quinotium
1075 2326 1340 2410 tantummodo
1361 2326 1467 2444 leges
1480 2345 1679 2411 sectentur
1693 2346 1756 2425 ,et
1772 2357 1797 2410 n
1816 2353 1882 2411 re·

483 2443 592 2574 gulis
607 2443 786 2528 trochaici
798 2443 960 2562 legitimi
982 2443 1149 2528 recedere
1176 2465 1253 2529 n'on
1274 2443 1478 2545 dubitant,
1500 2444 1707 2528 dummodo
1720 2471 1880 2560 quartus
1902 2519 1908 2528 .

472 2593 548 2682 per
571 2560 656 2646 sine
671 2592 829 2649 caesura
860 2563 936 2662 tit,
974 2591 1012 2646 et
1023 2563 1066 2646 in
1084 2559 1170 2676 fine
1183 2560 1285 2648 ndrit
1318 2566 1474 2649 ederem
1487 2592 1575 2650 cum
1604 2592 1682 2646 una
1698 2563 1877 2680 syllaba,

479 2680 635 2793 reliquis
647 2679 688 2764 in
702 2681 793 2769 Iocis
808 2681 993 2798 quoslibet
1012 2680 1232 2796 dissyllabot
1257 2711 1335 2767 non
1349 2708 1556 2798 respuunt,
1572 2711 1617 2768 ut
1637 2675 1735 2789 fecit
1759 2681 1879 2768 Sido-

480 2800 601 2901 nius,
631 2826 670 2883 et
682 2797 824 2887 alicubi
841 2803 1041 2900 Catullus,
1072 2827 1111 2887 et
1123 2821 1233 2887 uetur
1253 2829 1368 2915 poeto
1384 2803 1493 2916 apud
1506 2798 1732 2889 Suetonium
1751 2861 1761 2882 .
1790 2799 1880 2936 Ego

480 2945 578 3006 vcro
605 2917 824 3005 Sidonium
849 2919 1148 3006 hoccarminie·
1176 2948 1295 3006 enere
1324 2917 1461 3005 lusione
1490 2947 1696 3035 nusquam
1717 2946 1878 3036 repen.¹

481 3035 727 3158 Penrigiiium
751 3040 908 3129 Veneris
935 3067 1020 3123 non
1035 2951 1287 3130 essekiatulli
1314 3038 1423 3123 docti
1447 3039 1741 3139 consentiunt,
1760 3027 1877 3151 quod

481 3181 590 3244 certe
624 3185 786 3244 carmen
819 3156 1165 3273 corruptissimum
1188 3182 1275 3244 est.
1310 3155 1391 3242 Sed
1407 3181 1495 3242 tum
1529 3156 1655 3275 hujus
1684 3149 1876 3244 carminis

483 3303 652 3378 versus,
683 3303 771 3365 tum
797 3278 863 3363 alii
897 3276 1117 3378 trochaici,
1140 3275 1215 3392 qui
1244 3275 1358 3396 apud
1385 3276 1630 3364 Suetonium
1656 3275 1880 3394 leguntur,

484 3395 664 3484 revocari
699 3421 872 3511 possunt
901 3397 1148 3513 adregulam
1170 3459 1185 3497 ,
1208 3425 1335 3511 quam
1361 3395 1527 3484 tradidit
1556 3397 1701 3497 Beda,
1732 3421 1879 3483 urcar·

484 3533 576 3600 men
608 3516 862 3602 trochaicum
893 3515 1270 3633 plurecspondaeos
1302 3514 1519 3603 admittens
1539 3512 1707 3633 gravius
1724 3511 1878 3600 decur-

484 3659 547 3724 rat
561 3632 636 3752 (2)
656 3696 667 3717 .
700 3640 873 3721 Metrum
895 3632 1125 3720 trocheicum
1141 3660 1398 3719 tetrametrum
1417 3698 1431 3734 ‚
1451 3637 1556 3748 quod
1577 3630 1734 3748 oportit
1747 3631 1875 3717 Grae-z

485 3751 561 3855 cis,
578 3771 616 3840 e't
633 3753 783 3839 latinis
793 3751 1100 3869 frequentissime
1108 3753 1298 3867 ponitur,
1328 3751 1461 3868 recipit
1489 3751 1581 3839 Iocis
1595 3748 1773 3836 omnibus
1790 3770 1873 3836 tro·

491 3873 652 3962 edorum
662 3935 677 3977 ‚
705 3876 935 3993 spondaeum
952 3870 1132 3958 omnibus
1142 3895 1298 3991 praeter
1313 3877 1468 3959 tertium
1488 3932 1500 3957 .
1525 3868 1654 3959 Currit
1668 3893 1793 3957 nutem
1811 3867 1875 3956 oi·

489 4139 492 4144 -
528 4097 583 4183 (ι)
609 4091 790 4166 Peccatum
815 4095 880 4164 hoc
905 4108 1141 4166 correctorum
1202 4106 1430 4173 contenente,
1458 4106 1627 4185 negatque
1642 4090 1707 4160 hoc
1722 4102 1874 4162 mettun

477 4187 661 4285 proprium
677 4214 727 4264 etr
743 4220 754 4263 e
770 4217 844 4266 nam
861 4190 893 4262 in
925 4191 1142 4285 hymnariis,
1201 4188 1312 4262 dividi
1346 4210 1476 4279 porte,
1506 4207 1544 4262 ut
1575 4187 1768 4264 alternatim
1798 4205 1878 4260 cur·

478 4305 519 4359 ct
534 4286 717 4359 breviariis
731 4287 971 4363 vetustissimis
991 4289 1144 4382 legitur,
1203 4304 1283 4359 rat.
1311 4285 1496 4364 Fatendum
1536 4304 1648 4360 tamen
1675 4305 1752 4369 ert,
1779 4281 1872 4376 apud

477 4387 606 4478 Natta
633 4389 753 4458 mundo
784 4389 975 4483 naufrago.
1002 4388 1073 4459 Alii
1097 4392 1146 4460 le-
1204 4385 1452 4462 ecclesiasticos
1484 4385 1669 4481 reriptoret
1697 4382 1870 4476 antiquam

482 4487 632 4580 gendum
672 4502 790 4577 purant
821 4533 833 4568 ,
873 4490 993 4577 Nante
1022 4489 1143 4558 munde
1203 4487 1290 4558 banc
1305 4508 1377 4557 carc
1390 4486 1698 4565 consuetudinem,
1726 4475 1871 4553 utdiri·

478 4583 681 4679 naufrago,
710 4583 766 4655 arii
784 4633 795 4666 ‚
827 4589 928 4673 Nara
959 4634 970 4656 .
997 4584 1143 4668 lacobus
1203 4585 1330 4664 datur,
1360 4587 1456 4667 cuiue
1475 4585 1570 4658 restis
1585 4602 1636 4654 ert
1652 4581 1745 4651 Beda
1762 4577 1797 4648 r'rr
1811 4575 1869 4650 tt·

479 4681 646 4778 Meyerut
657 4684 690 4753 in
707 4683 795 4756 notis
812 4686 957 4756 adhunc
976 4688 1143 4778 hymnum
1204 4677 1264 4754 bro
1278 4684 1318 4754 de
1333 4683 1470 4754 tterrr‘s.
1498 4683 1563 4754 Sed
1580 4677 1784 4751 recentiores
1799 4679 1867 4774 hy·

480 4784 572 4873 apud
611 4782 838 4854 Cassandrum
885 4782 1073 4864 advertit,
1109 4783 1143 4856 in
1205 4779 1406 4874 mnographi
1436 4777 1868 4872 regulitBedaenontarit

476 4879 545 4952 hoc
561 4879 670 4951 altero
687 4906 812 4965 versu,
838 4890 879 4951 Er
901 4880 1062 4951 medelam
1074 4879 1143 4965 fet·
1209 4881 1315 4954 fidere
1333 4877 1520 4962 videntur,
1550 4894 1588 4949 ut
1603 4900 1682 4950 ntor
1699 4875 1838 4948 dicant.

479 4989 532 5050 rer
562 4979 672 5059 inde,
707 4980 811 5052 botris
839 4982 926 5051 unde
968 4982 1149 5062 laeserat,
1259 4989 1315 5069 (t)
1342 4974 1474 5064 Parta.
1497 4981 1636 5064 protod·
1656 4980 1776 5067 cap.6.
1807 4991 1868 5042 re·

486 5075 728 5171 trpirationem
752 5080 827 5153 tin
850 5079 957 5153 horris
981 5101 1053 5152 erte
1083 5101 1151 5176 pro
1209 5076 1291 5174 gula
1307 5097 1361 5172 3„
1392 5084 1449 5176 (a)
1472 5075 1532 5150 De
1561 5092 1634 5150 atre
1651 5071 1853 5178 metricat,

1992 5345 2257 5541 Λ
