<?xml version="1.0" encoding="UTF-8"?>
<!DOCTYPE html PUBLIC "-//W3C//DTD XHTML 1.0 Transitional//EN"
    "http://www.w3.org/TR/xhtml1/DTD/xhtml1-transitional.dtd">
<html xmlns="http://www.w3.org/1999/xhtml" xml:lang="en" lang="en">
 <head>
  <title>
</title>
<meta http-equiv="Content-Type" content="text/html;charset=utf-8" />
  <meta name='ocr-system' content='tesseract 3.04.00' />
  <meta name='ocr-capabilities' content='ocr_page ocr_carea ocr_par ocr_line ocrx_word'/>
</head>
<body>
  <div class='ocr_page' id='page_1' title='image "./hymnodiahispani00argoog/hymnodiahispani00argoog_0079.png"; bbox 0 0 5084 6234; ppageno 0'>
   <div class='ocr_carea' id='block_1_1' title="bbox 944 789 1965 924">
    <p class='ocr_par' dir='ltr' id='par_1_1' title="bbox 944 789 1965 924">
     <span class='ocr_line' id='line_1_1' title="bbox 944 789 1965 924; baseline -0.017 -39"><span class='ocrx_word' id='word_1_1' title='bbox 944 789 1594 887; x_wconf 81' lang='lat' dir='ltr'>ECCLESIASTIC&#39;IS</span> <span class='ocrx_word' id='word_1_2' title='bbox 1908 820 1965 924; x_wconf 68' lang='lat'>59</span> 
     </span>
    </p>
   </div>
   <div class='ocr_carea' id='block_1_2' title="bbox 499 934 1963 4800">
    <p class='ocr_par' dir='ltr' id='par_1_2' title="bbox 499 934 1963 4800">
     <span class='ocr_line' id='line_1_2' title="bbox 577 934 1951 1060; baseline 0.01 -39"><span class='ocrx_word' id='word_1_3' title='bbox 577 970 615 1043; x_wconf 78' lang='lat'>·„.</span> <span class='ocrx_word' id='word_1_4' title='bbox 640 934 795 1052; x_wconf 86' lang='lat' dir='ltr'>vigiliae</span> <span class='ocrx_word' id='word_1_5' title='bbox 812 935 1029 1038; x_wconf 85' lang='lat' dir='ltr'>celebrari,</span> <span class='ocrx_word' id='word_1_6' title='bbox 1064 937 1126 1022; x_wconf 89' lang='lat' dir='ltr'>illa</span> <span class='ocrx_word' id='word_1_7' title='bbox 1146 938 1262 1054; x_wconf 89' lang='lat' dir='ltr'>pestis</span> <span class='ocrx_word' id='word_1_8' title='bbox 1281 937 1578 1051; x_wconf 87' lang='lat' dir='ltr'>aliquantulum</span> <span class='ocrx_word' id='word_1_9' title='bbox 1606 939 1797 1029; x_wconf 77' lang='lat' dir='ltr'><strong>reluctata</strong></span> <span class='ocrx_word' id='word_1_10' title='bbox 1813 972 1951 1060; x_wconf 83' lang='lat' dir='ltr'>postea</span> 
     </span>
     <span class='ocr_line' id='line_1_3' title="bbox 578 1054 1499 1170; baseline -0.005 -26"><span class='ocrx_word' id='word_1_11' title='bbox 578 1117 607 1161; x_wconf 87' lang='lat'><em>„</em></span> <span class='ocrx_word' id='word_1_12' title='bbox 638 1054 748 1144; x_wconf 81' lang='lat' dir='ltr'><strong>cessit</strong></span> <span class='ocrx_word' id='word_1_13' title='bbox 764 1054 987 1170; x_wconf 81' lang='lat' dir='ltr'>diligentiae</span> <span class='ocrx_word' id='word_1_14' title='bbox 1002 1119 1017 1159; x_wconf 95' lang='lat'>,</span> <span class='ocrx_word' id='word_1_15' title='bbox 1033 1055 1196 1145; x_wconf 81' lang='lat' dir='ltr'>erubuit</span> <span class='ocrx_word' id='word_1_16' title='bbox 1212 1056 1470 1169; x_wconf 88' lang='lat' dir='ltr'>sapientiae„</span> <span class='ocrx_word' id='word_1_17' title='bbox 1489 1118 1499 1139; x_wconf 89' lang='lat'><strong>.</strong></span> 
     </span>
     <span class='ocr_line' id='line_1_4' title="bbox 579 1173 1953 1290; baseline 0.006 -34"><span class='ocrx_word' id='word_1_18' title='bbox 579 1238 583 1242; x_wconf 69' lang='lat'><strong>.</strong></span> <span class='ocrx_word' id='word_1_19' title='bbox 639 1205 707 1290; x_wconf 79' lang='lat'>71·</span> <span class='ocrx_word' id='word_1_20' title='bbox 738 1175 803 1255; x_wconf 84' lang='lat' dir='ltr'>En</span> <span class='ocrx_word' id='word_1_21' title='bbox 825 1203 870 1257; x_wconf 93' lang='lat' dir='ltr'>ut</span> <span class='ocrx_word' id='word_1_22' title='bbox 888 1176 928 1258; x_wconf 88' lang='lat' dir='ltr'>S.</span> <span class='ocrx_word' id='word_1_23' title='bbox 946 1173 1203 1290; x_wconf 84' lang='lat' dir='ltr'>Augustinus</span> <span class='ocrx_word' id='word_1_24' title='bbox 1229 1173 1382 1259; x_wconf 84' lang='lat' dir='ltr'>nefaria</span> <span class='ocrx_word' id='word_1_25' title='bbox 1400 1175 1568 1287; x_wconf 89' lang='lat' dir='ltr'>quidem</span> <span class='ocrx_word' id='word_1_26' title='bbox 1599 1175 1778 1266; x_wconf 85' lang='lat' dir='ltr'>carmina</span> <span class='ocrx_word' id='word_1_27' title='bbox 1796 1177 1953 1269; x_wconf 84' lang='lat' dir='ltr'>conde·</span> 
     </span>
     <span class='ocr_line' id='line_1_5' title="bbox 573 1288 1951 1406; baseline 0.007 -31"><span class='ocrx_word' id='word_1_28' title='bbox 573 1318 719 1389; x_wconf 89' lang='lat' dir='ltr'>mnat,</span> <span class='ocrx_word' id='word_1_29' title='bbox 750 1290 891 1378; x_wconf 90' lang='lat' dir='ltr'>laudat</span> <span class='ocrx_word' id='word_1_30' title='bbox 905 1316 1038 1376; x_wconf 87' lang='lat' dir='ltr'>tamen</span> <span class='ocrx_word' id='word_1_31' title='bbox 1054 1316 1212 1376; x_wconf 87' lang='lat' dir='ltr'>sanctas</span> <span class='ocrx_word' id='word_1_32' title='bbox 1226 1288 1381 1406; x_wconf 84' lang='lat' dir='ltr'>vigilias</span> <span class='ocrx_word' id='word_1_33' title='bbox 1409 1293 1552 1380; x_wconf 85' lang='lat' dir='ltr'>similes</span> <span class='ocrx_word' id='word_1_34' title='bbox 1567 1293 1875 1396; x_wconf 84' lang='lat' dir='ltr'>Ambrosianis‚</span> <span class='ocrx_word' id='word_1_35' title='bbox 1906 1298 1951 1385; x_wconf 92' lang='lat' dir='ltr'>in</span> 
     </span>
     <span class='ocr_line' id='line_1_6' title="bbox 602 1408 1949 1528; baseline 0.005 -33"><span class='ocrx_word' id='word_1_36' title='bbox 602 1411 727 1498; x_wconf 91' lang='lat' dir='ltr'>uibus</span> <span class='ocrx_word' id='word_1_37' title='bbox 743 1409 885 1523; x_wconf 90' lang='lat' dir='ltr'>hymni</span> <span class='ocrx_word' id='word_1_38' title='bbox 900 1410 1000 1493; x_wconf 90' lang='lat' dir='ltr'>sacri</span> <span class='ocrx_word' id='word_1_39' title='bbox 1015 1412 1310 1525; x_wconf 85' lang='lat' dir='ltr'>personabant.</span> <span class='ocrx_word' id='word_1_40' title='bbox 1330 1408 1521 1497; x_wconf 89' lang='lat' dir='ltr'>Dubium</span> <span class='ocrx_word' id='word_1_41' title='bbox 1540 1441 1638 1497; x_wconf 88' lang='lat' dir='ltr'>vero</span> <span class='ocrx_word' id='word_1_42' title='bbox 1656 1441 1742 1497; x_wconf 90' lang='lat' dir='ltr'>non</span> <span class='ocrx_word' id='word_1_43' title='bbox 1756 1441 1830 1516; x_wconf 87' lang='lat' dir='ltr'>cst,</span> <span class='ocrx_word' id='word_1_44' title='bbox 1844 1416 1949 1528; x_wconf 88' lang='lat' dir='ltr'>quin</span> 
     </span>
     <span class='ocr_line' id='line_1_7' title="bbox 570 1444 1952 1644; baseline 0.005 -32"><span class='ocrx_word' id='word_1_45' title='bbox 570 1444 876 1644; x_wconf 53' lang='lat' dir='ltr'>§.Augustinus</span> <span class='ocrx_word' id='word_1_46' title='bbox 889 1526 1151 1644; x_wconf 79' lang='lat' dir='ltr'>psalmodiam</span> <span class='ocrx_word' id='word_1_47' title='bbox 1167 1525 1220 1611; x_wconf 95' lang='lat' dir='ltr'>ad</span> <span class='ocrx_word' id='word_1_48' title='bbox 1230 1527 1518 1616; x_wconf 77' lang='lat' dir='ltr'>modulationis</span> <span class='ocrx_word' id='word_1_49' title='bbox 1527 1530 1842 1618; x_wconf 87' lang='lat' dir='ltr'>Mediolanensis</span> <span class='ocrx_word' id='word_1_50' title='bbox 1858 1562 1952 1619; x_wconf 81' lang='lat' dir='ltr'>mu-</span> 
     </span>
     <span class='ocr_line' id='line_1_8' title="bbox 572 1644 1954 1764; baseline 0 -30"><span class='ocrx_word' id='word_1_51' title='bbox 572 1645 702 1734; x_wconf 84' lang='lat' dir='ltr'>sicum</span> <span class='ocrx_word' id='word_1_52' title='bbox 721 1671 964 1729; x_wconf 88' lang='lat' dir='ltr'>concentum</span> <span class='ocrx_word' id='word_1_53' title='bbox 979 1644 1195 1733; x_wconf 87' lang='lat' dir='ltr'>instituerit</span> <span class='ocrx_word' id='word_1_54' title='bbox 1211 1704 1222 1727; x_wconf 83' lang='lat'><strong>.</strong></span> <span class='ocrx_word' id='word_1_55' title='bbox 1241 1645 1371 1731; x_wconf 92' lang='lat' dir='ltr'>lmmo</span> <span class='ocrx_word' id='word_1_56' title='bbox 1387 1649 1501 1759; x_wconf 94' lang='lat' dir='ltr'>quod</span> <span class='ocrx_word' id='word_1_57' title='bbox 1515 1646 1588 1764; x_wconf 90' lang='lat'>(1)</span> <span class='ocrx_word' id='word_1_58' title='bbox 1603 1678 1643 1734; x_wconf 85' lang='lat' dir='ltr'>se</span> <span class='ocrx_word' id='word_1_59' title='bbox 1659 1648 1849 1738; x_wconf 89' lang='lat' dir='ltr'>adversus</span> <span class='ocrx_word' id='word_1_60' title='bbox 1865 1652 1954 1734; x_wconf 72' lang='lat' dir='ltr'>Do-</span> 
     </span>
     <span class='ocr_line' id='line_1_9' title="bbox 499 1762 1952 1881; baseline -0.001 -27"><span class='ocrx_word' id='word_1_61' title='bbox 499 1776 503 1782; x_wconf 83' lang='grc'><strong>’</strong></span> <span class='ocrx_word' id='word_1_62' title='bbox 572 1764 734 1854; x_wconf 83' lang='lat' dir='ltr'>uatistas</span> <span class='ocrx_word' id='word_1_63' title='bbox 749 1763 978 1878; x_wconf 86' lang='lat' dir='ltr'>psalmum,</span> <span class='ocrx_word' id='word_1_64' title='bbox 1001 1791 1041 1850; x_wconf 91' lang='lat' dir='ltr'>et</span> <span class='ocrx_word' id='word_1_65' title='bbox 1057 1762 1321 1881; x_wconf 85' lang='lat' dir='ltr'>hypopsalma</span> <span class='ocrx_word' id='word_1_66' title='bbox 1339 1764 1472 1850; x_wconf 85' lang='lat' dir='ltr'>fecisse</span> <span class='ocrx_word' id='word_1_67' title='bbox 1490 1792 1683 1867; x_wconf 84' lang='lat' dir='ltr'>testatur,</span> <span class='ocrx_word' id='word_1_68' title='bbox 1718 1764 1822 1880; x_wconf 88' lang='lat' dir='ltr'>quid</span> <span class='ocrx_word' id='word_1_69' title='bbox 1839 1766 1952 1852; x_wconf 85' lang='lat' dir='ltr'>aliud</span> 
     </span>
     <span class='ocr_line' id='line_1_10' title="bbox 574 1876 1953 1997; baseline 0.002 -28"><span class='ocrx_word' id='word_1_70' title='bbox 574 1876 752 1969; x_wconf 88' lang='lat' dir='ltr'>indicare</span> <span class='ocrx_word' id='word_1_71' title='bbox 770 1905 899 1995; x_wconf 89' lang='lat' dir='ltr'>potest</span> <span class='ocrx_word' id='word_1_72' title='bbox 926 1938 941 1978; x_wconf 85' lang='lat'>,</span> <span class='ocrx_word' id='word_1_73' title='bbox 972 1881 1049 1967; x_wconf 90' lang='lat' dir='ltr'>nisi</span> <span class='ocrx_word' id='word_1_74' title='bbox 1082 1883 1197 1994; x_wconf 90' lang='lat' dir='ltr'>quod</span> <span class='ocrx_word' id='word_1_75' title='bbox 1227 1880 1417 1996; x_wconf 76' lang='lat' dir='ltr'>improbis</span> <span class='ocrx_word' id='word_1_76' title='bbox 1452 1885 1759 1972; x_wconf 83' lang='lat' dir='ltr'>Donatistarum</span> <span class='ocrx_word' id='word_1_77' title='bbox 1786 1885 1953 1997; x_wconf 81' lang='lat' dir='ltr'>hymnis</span> 
     </span>
     <span class='ocr_line' id='line_1_11' title="bbox 573 1995 1955 2119; baseline 0.004 -39"><span class='ocrx_word' id='word_1_78' title='bbox 573 1997 782 2109; x_wconf 81' lang='lat' dir='ltr'>salutarem</span> <span class='ocrx_word' id='word_1_79' title='bbox 799 2002 1003 2111; x_wconf 91' lang='lat' dir='ltr'>hymnum</span> <span class='ocrx_word' id='word_1_80' title='bbox 1019 1995 1043 2085; x_wconf 81' lang='lat' dir='ltr'>a</span> <span class='ocrx_word' id='word_1_81' title='bbox 1057 2000 1210 2114; x_wconf 90' lang='lat' dir='ltr'>Populo</span> <span class='ocrx_word' id='word_1_82' title='bbox 1226 2000 1477 2087; x_wconf 89' lang='lat' dir='ltr'>cantandum</span> <span class='ocrx_word' id='word_1_83' title='bbox 1496 2001 1759 2119; x_wconf 68' lang='lat' dir='ltr'>opposuerit?</span> <span class='ocrx_word' id='word_1_84' title='bbox 1770 2002 1955 2089; x_wconf 75' lang='lat' dir='ltr'>Fluctua.</span> 
     </span>
     <span class='ocr_line' id='line_1_12' title="bbox 576 2115 1951 2235; baseline 0.001 -29"><span class='ocrx_word' id='word_1_85' title='bbox 576 2115 645 2206; x_wconf 86' lang='lat' dir='ltr'>bat</span> <span class='ocrx_word' id='word_1_86' title='bbox 659 2140 791 2201; x_wconf 90' lang='lat' dir='ltr'>tamen</span> <span class='ocrx_word' id='word_1_87' title='bbox 808 2121 848 2203; x_wconf 86' lang='lat' dir='ltr'>S.</span> <span class='ocrx_word' id='word_1_88' title='bbox 869 2122 1051 2217; x_wconf 89' lang='lat' dir='ltr'>Doctor‚</span> <span class='ocrx_word' id='word_1_89' title='bbox 1068 2118 1263 2204; x_wconf 86' lang='lat' dir='ltr'>subtiliter</span> <span class='ocrx_word' id='word_1_90' title='bbox 1279 2116 1518 2230; x_wconf 87' lang='lat' dir='ltr'>inquirens,</span> <span class='ocrx_word' id='word_1_91' title='bbox 1536 2120 1875 2235; x_wconf 80' lang='lat' dir='ltr'>praeferendusne</span> <span class='ocrx_word' id='word_1_92' title='bbox 1893 2148 1951 2207; x_wconf 87' lang='lat' dir='ltr'>es·</span> 
     </span>
     <span class='ocr_line' id='line_1_13' title="bbox 571 2234 1949 2353; baseline -0.001 -29"><span class='ocrx_word' id='word_1_93' title='bbox 571 2258 629 2324; x_wconf 85' lang='lat' dir='ltr'>set</span> <span class='ocrx_word' id='word_1_94' title='bbox 644 2234 901 2324; x_wconf 81' lang='lat' dir='ltr'>harmonicae</span> <span class='ocrx_word' id='word_1_95' title='bbox 918 2236 1110 2321; x_wconf 88' lang='lat' dir='ltr'>melodiae</span> <span class='ocrx_word' id='word_1_96' title='bbox 1142 2235 1304 2351; x_wconf 85' lang='lat' dir='ltr'>simplex</span> <span class='ocrx_word' id='word_1_97' title='bbox 1323 2263 1467 2321; x_wconf 91' lang='lat' dir='ltr'>cantus</span> <span class='ocrx_word' id='word_1_98' title='bbox 1485 2238 1819 2353; x_wconf 88' lang='lat' dir='ltr'>pronunciationi</span> <span class='ocrx_word' id='word_1_99' title='bbox 1833 2238 1949 2323; x_wconf 82' lang='lat' dir='ltr'>simi-</span> 
     </span>
     <span class='ocr_line' id='line_1_14' title="bbox 574 2348 1955 2465; baseline -0.001 -24"><span class='ocrx_word' id='word_1_100' title='bbox 574 2348 622 2441; x_wconf 85' lang='lat' dir='ltr'>lis</span> <span class='ocrx_word' id='word_1_101' title='bbox 637 2382 651 2453; x_wconf 76' lang='lat'>3</span> <span class='ocrx_word' id='word_1_102' title='bbox 665 2373 705 2434; x_wconf 91' lang='lat' dir='ltr'>et</span> <span class='ocrx_word' id='word_1_103' title='bbox 721 2378 768 2439; x_wconf 93' lang='lat' dir='ltr'>ut</span> <span class='ocrx_word' id='word_1_104' title='bbox 785 2380 869 2440; x_wconf 86' lang='lat' dir='ltr'>erat</span> <span class='ocrx_word' id='word_1_105' title='bbox 886 2355 928 2446; x_wconf 89' lang='lat' dir='ltr'>in</span> <span class='ocrx_word' id='word_1_106' title='bbox 944 2353 1172 2439; x_wconf 91' lang='lat' dir='ltr'>dubitando</span> <span class='ocrx_word' id='word_1_107' title='bbox 1190 2353 1375 2453; x_wconf 89' lang='lat' dir='ltr'>acutior,</span> <span class='ocrx_word' id='word_1_108' title='bbox 1401 2383 1525 2465; x_wconf 91' lang='lat' dir='ltr'>quam</span> <span class='ocrx_word' id='word_1_109' title='bbox 1542 2354 1810 2439; x_wconf 86' lang='lat' dir='ltr'>confidentior</span> <span class='ocrx_word' id='word_1_110' title='bbox 1826 2354 1869 2435; x_wconf 89' lang='lat' dir='ltr'>in</span> <span class='ocrx_word' id='word_1_111' title='bbox 1888 2356 1955 2439; x_wconf 86' lang='lat' dir='ltr'>de-</span> 
     </span>
     <span class='ocr_line' id='line_1_15' title="bbox 575 2465 1963 2592; baseline 0.005 -42"><span class='ocrx_word' id='word_1_112' title='bbox 575 2465 791 2572; x_wconf 85' lang='lat' dir='ltr'>finiendo,</span> <span class='ocrx_word' id='word_1_113' title='bbox 812 2471 864 2556; x_wconf 89' lang='lat' dir='ltr'>ita</span> <span class='ocrx_word' id='word_1_114' title='bbox 881 2471 1156 2586; x_wconf 88' lang='lat' dir='ltr'>quaestionem</span> <span class='ocrx_word' id='word_1_115' title='bbox 1172 2495 1415 2591; x_wconf 86' lang='lat' dir='ltr'>pertractat,</span> <span class='ocrx_word' id='word_1_116' title='bbox 1430 2473 1557 2563; x_wconf 81' lang='lat' dir='ltr'>utvix</span> <span class='ocrx_word' id='word_1_117' title='bbox 1575 2468 1789 2592; x_wconf 83' lang='lat' dir='ltr'>intelligere</span> <span class='ocrx_word' id='word_1_118' title='bbox 1806 2468 1963 2575; x_wconf 80' lang='lat' dir='ltr'>valeas,¹</span> 
     </span>
     <span class='ocr_line' id='line_1_16' title="bbox 579 2582 1176 2707; baseline 0.018 -42"><span class='ocrx_word' id='word_1_119' title='bbox 579 2582 864 2707; x_wconf 87' lang='lat' dir='ltr'>quidrandem</span> <span class='ocrx_word' id='word_1_120' title='bbox 883 2589 1106 2707; x_wconf 76' lang='lat' dir='ltr'>dijudicet.</span> <span class='ocrx_word' id='word_1_121' title='bbox 1175 2596 1176 2599; x_wconf 59' lang='lat'>‘</span> 
     </span>
     <span class='ocr_line' id='line_1_17' title="bbox 581 2704 1956 2825; baseline -0.002 -31"><span class='ocrx_word' id='word_1_122' title='bbox 581 2789 585 2794; x_wconf 88' lang='lat'>.</span> <span class='ocrx_word' id='word_1_123' title='bbox 641 2729 709 2816; x_wconf 79' lang='lat'>72.</span> <span class='ocrx_word' id='word_1_124' title='bbox 741 2706 967 2820; x_wconf 86' lang='lat' dir='ltr'>Aliquanto</span> <span class='ocrx_word' id='word_1_125' title='bbox 982 2707 1126 2824; x_wconf 86' lang='lat' dir='ltr'>longus</span> <span class='ocrx_word' id='word_1_126' title='bbox 1140 2733 1212 2808; x_wconf 89' lang='lat' dir='ltr'>est,</span> <span class='ocrx_word' id='word_1_127' title='bbox 1229 2732 1337 2794; x_wconf 88' lang='lat' dir='ltr'>totus</span> <span class='ocrx_word' id='word_1_128' title='bbox 1354 2732 1487 2795; x_wconf 89' lang='lat' dir='ltr'>tamen</span> <span class='ocrx_word' id='word_1_129' title='bbox 1508 2704 1740 2793; x_wconf 88' lang='lat' dir='ltr'>referendus</span> <span class='ocrx_word' id='word_1_130' title='bbox 1756 2704 1844 2825; x_wconf 84' lang='lat' dir='ltr'>ejus</span> <span class='ocrx_word' id='word_1_131' title='bbox 1861 2735 1956 2792; x_wconf 83' lang='lat' dir='ltr'>con·</span> 
     </span>
     <span class='ocr_line' id='line_1_18' title="bbox 574 2819 1955 2943; baseline 0.007 -35"><span class='ocrx_word' id='word_1_132' title='bbox 574 2819 788 2920; x_wconf 82' lang='lat' dir='ltr'>troversiae</span> <span class='ocrx_word' id='word_1_133' title='bbox 806 2825 919 2911; x_wconf 90' lang='lat' dir='ltr'>locus</span> <span class='ocrx_word' id='word_1_134' title='bbox 945 2824 1045 2940; x_wconf 83' lang='lat'><em>(2).</em></span> <span class='ocrx_word' id='word_1_135' title='bbox 1069 2887 1097 2927; x_wconf 87' lang='lat'>‚,</span> <span class='ocrx_word' id='word_1_136' title='bbox 1114 2829 1239 2911; x_wconf 89' lang='lat' dir='ltr'>Nunc</span> <span class='ocrx_word' id='word_1_137' title='bbox 1258 2826 1300 2908; x_wconf 94' lang='lat' dir='ltr'>in</span> <span class='ocrx_word' id='word_1_138' title='bbox 1317 2827 1457 2927; x_wconf 89' lang='lat' dir='ltr'>sonis,</span> <span class='ocrx_word' id='word_1_139' title='bbox 1475 2857 1579 2943; x_wconf 83' lang='lat' dir='ltr'>quos</span> <span class='ocrx_word' id='word_1_140' title='bbox 1595 2826 1779 2912; x_wconf 90' lang='lat' dir='ltr'>animant</span> <span class='ocrx_word' id='word_1_141' title='bbox 1795 2825 1955 2937; x_wconf 84' lang='lat' dir='ltr'>eloquia</span> 
     </span>
     <span class='ocr_line' id='line_1_19' title="bbox 580 2942 1960 3045; baseline -0.001 -14"><span class='ocrx_word' id='word_1_142' title='bbox 580 2995 610 3044; x_wconf 74' lang='lat' dir='ltr'>ss</span> <span class='ocrx_word' id='word_1_143' title='bbox 641 2963 743 3040; x_wconf 75' lang='lat' dir='ltr'>tua,</span> <span class='ocrx_word' id='word_1_144' title='bbox 760 2971 857 3030; x_wconf 93' lang='lat' dir='ltr'>cum</span> <span class='ocrx_word' id='word_1_145' title='bbox 879 2945 1029 3045; x_wconf 89' lang='lat' dir='ltr'>suavi,</span> <span class='ocrx_word' id='word_1_146' title='bbox 1049 2969 1087 3030; x_wconf 92' lang='lat' dir='ltr'>et</span> <span class='ocrx_word' id='word_1_147' title='bbox 1102 2942 1312 3039; x_wconf 77' lang='lat' dir='ltr'>artificiosa</span> <span class='ocrx_word' id='word_1_148' title='bbox 1327 2973 1425 3033; x_wconf 87' lang='lat' dir='ltr'>voce</span> <span class='ocrx_word' id='word_1_149' title='bbox 1441 2970 1687 3044; x_wconf 85' lang='lat' dir='ltr'>cantantur,</span> <span class='ocrx_word' id='word_1_150' title='bbox 1710 2942 1837 3027; x_wconf 82' lang='lat' dir='ltr'>fateor</span> <span class='ocrx_word' id='word_1_151' title='bbox 1856 3004 1870 3041; x_wconf 93' lang='lat'>,</span> <span class='ocrx_word' id='word_1_152' title='bbox 1886 2945 1960 3029; x_wconf 79' lang='lat' dir='ltr'>ali·</span> 
     </span>
     <span class='ocr_line' id='line_1_20' title="bbox 579 3060 1956 3176; baseline 0.005 -35"><span class='ocrx_word' id='word_1_153' title='bbox 579 3108 609 3157; x_wconf 68' lang='lat'>2,</span> <span class='ocrx_word' id='word_1_154' title='bbox 643 3062 891 3169; x_wconf 90' lang='lat' dir='ltr'>quantulum</span> <span class='ocrx_word' id='word_1_155' title='bbox 907 3061 1117 3176; x_wconf 83' lang='lat' dir='ltr'>acquiesco</span> <span class='ocrx_word' id='word_1_156' title='bbox 1134 3090 1220 3148; x_wconf 87' lang='lat' dir='ltr'>non</span> <span class='ocrx_word' id='word_1_157' title='bbox 1235 3061 1400 3174; x_wconf 85' lang='lat' dir='ltr'>quidem</span> <span class='ocrx_word' id='word_1_158' title='bbox 1416 3124 1431 3164; x_wconf 88' lang='lat'>,</span> <span class='ocrx_word' id='word_1_159' title='bbox 1445 3090 1492 3150; x_wconf 91' lang='lat' dir='ltr'>ut</span> <span class='ocrx_word' id='word_1_160' title='bbox 1508 3064 1710 3166; x_wconf 82' lang='lat' dir='ltr'>haeream,</span> <span class='ocrx_word' id='word_1_161' title='bbox 1725 3060 1795 3154; x_wconf 89' lang='lat' dir='ltr'>sed</span> <span class='ocrx_word' id='word_1_162' title='bbox 1809 3084 1857 3147; x_wconf 93' lang='lat' dir='ltr'>ut</span> <span class='ocrx_word' id='word_1_163' title='bbox 1869 3091 1956 3155; x_wconf 75' lang='lat' dir='ltr'>sun</span> 
     </span>
     <span class='ocr_line' id='line_1_21' title="bbox 577 3173 1954 3297; baseline 0.008 -39"><span class='ocrx_word' id='word_1_164' title='bbox 577 3230 615 3282; x_wconf 69' lang='grc'>,,,</span> <span class='ocrx_word' id='word_1_165' title='bbox 639 3173 731 3285; x_wconf 84' lang='lat' dir='ltr'>gam</span> <span class='ocrx_word' id='word_1_166' title='bbox 742 3243 755 3280; x_wconf 92' lang='lat'>,</span> <span class='ocrx_word' id='word_1_167' title='bbox 766 3210 858 3267; x_wconf 91' lang='lat' dir='ltr'>cum</span> <span class='ocrx_word' id='word_1_168' title='bbox 872 3180 966 3270; x_wconf 88' lang='lat' dir='ltr'>volo</span> <span class='ocrx_word' id='word_1_169' title='bbox 983 3230 1025 3266; x_wconf 89' lang='lat'><strong>-...</strong></span> <span class='ocrx_word' id='word_1_170' title='bbox 1042 3179 1257 3293; x_wconf 83' lang='lat' dir='ltr'>Aliquando</span> <span class='ocrx_word' id='word_1_171' title='bbox 1272 3178 1383 3264; x_wconf 87' lang='lat' dir='ltr'>enim</span> <span class='ocrx_word' id='word_1_172' title='bbox 1397 3180 1485 3297; x_wconf 91' lang='lat' dir='ltr'>plus</span> <span class='ocrx_word' id='word_1_173' title='bbox 1501 3179 1600 3265; x_wconf 91' lang='lat' dir='ltr'>mihi</span> <span class='ocrx_word' id='word_1_174' title='bbox 1627 3179 1769 3270; x_wconf 88' lang='lat' dir='ltr'>videor</span> <span class='ocrx_word' id='word_1_175' title='bbox 1785 3177 1954 3269; x_wconf 87' lang='lat' dir='ltr'>honoris</span> 
     </span>
     <span class='ocr_line' id='line_1_22' title="bbox 580 3292 1958 3413; baseline -0.004 -27"><span class='ocrx_word' id='word_1_176' title='bbox 580 3342 611 3388; x_wconf 65' lang='grc' dir='ltr'><strong>υ</strong></span> <span class='ocrx_word' id='word_1_177' title='bbox 642 3292 699 3378; x_wconf 82' lang='lat' dir='ltr'>eis</span> <span class='ocrx_word' id='word_1_178' title='bbox 715 3298 914 3398; x_wconf 88' lang='lat' dir='ltr'>tribuere,</span> <span class='ocrx_word' id='word_1_179' title='bbox 946 3328 1072 3404; x_wconf 87' lang='lat' dir='ltr'>quam</span> <span class='ocrx_word' id='word_1_180' title='bbox 1101 3297 1244 3398; x_wconf 88' lang='lat' dir='ltr'>decet,</span> <span class='ocrx_word' id='word_1_181' title='bbox 1265 3296 1366 3383; x_wconf 91' lang='lat' dir='ltr'>dum</span> <span class='ocrx_word' id='word_1_182' title='bbox 1381 3297 1474 3413; x_wconf 89' lang='lat' dir='ltr'>ipsis</span> <span class='ocrx_word' id='word_1_183' title='bbox 1490 3297 1636 3384; x_wconf 85' lang='lat' dir='ltr'>sanctis</span> <span class='ocrx_word' id='word_1_184' title='bbox 1654 3296 1769 3384; x_wconf 90' lang='lat' dir='ltr'>dictis</span> <span class='ocrx_word' id='word_1_185' title='bbox 1799 3297 1958 3411; x_wconf 86' lang='lat' dir='ltr'>religio-</span> 
     </span>
     <span class='ocr_line' id='line_1_23' title="bbox 578 3407 1954 3515; baseline 0.007 -26"><span class='ocrx_word' id='word_1_186' title='bbox 578 3465 609 3508; x_wconf 92' lang='lat'>„</span> <span class='ocrx_word' id='word_1_187' title='bbox 633 3408 736 3515; x_wconf 88' lang='lat' dir='ltr'>sius,</span> <span class='ocrx_word' id='word_1_188' title='bbox 755 3440 794 3500; x_wconf 90' lang='lat' dir='ltr'>et</span> <span class='ocrx_word' id='word_1_189' title='bbox 809 3407 1018 3501; x_wconf 86' lang='lat' dir='ltr'>ardentius</span> <span class='ocrx_word' id='word_1_190' title='bbox 1033 3416 1162 3502; x_wconf 88' lang='lat' dir='ltr'>sentio</span> <span class='ocrx_word' id='word_1_191' title='bbox 1181 3415 1332 3501; x_wconf 89' lang='lat' dir='ltr'>moveri</span> <span class='ocrx_word' id='word_1_192' title='bbox 1351 3416 1506 3501; x_wconf 89' lang='lat' dir='ltr'>animos</span> <span class='ocrx_word' id='word_1_193' title='bbox 1523 3439 1678 3499; x_wconf 88' lang='lat' dir='ltr'>nostros</span> <span class='ocrx_word' id='word_1_194' title='bbox 1696 3414 1737 3494; x_wconf 92' lang='lat' dir='ltr'>in</span> <span class='ocrx_word' id='word_1_195' title='bbox 1753 3410 1954 3499; x_wconf 86' lang='lat' dir='ltr'>flammam</span> 
     </span>
     <span class='ocr_line' id='line_1_24' title="bbox 513 3526 1950 3644; baseline 0.003 -34"><span class='ocrx_word' id='word_1_196' title='bbox 513 3540 516 3542; x_wconf 81' lang='grc'><strong>’</strong></span> <span class='ocrx_word' id='word_1_197' title='bbox 577 3581 611 3627; x_wconf 83' lang='grc'>,,</span> <span class='ocrx_word' id='word_1_198' title='bbox 641 3526 797 3644; x_wconf 81' lang='lat' dir='ltr'>pietatis</span> <span class='ocrx_word' id='word_1_199' title='bbox 812 3594 826 3633; x_wconf 89' lang='lat'>,</span> <span class='ocrx_word' id='word_1_200' title='bbox 844 3532 1002 3626; x_wconf 74' lang='lat' dir='ltr'>sumita</span> <span class='ocrx_word' id='word_1_201' title='bbox 1020 3556 1264 3632; x_wconf 84' lang='lat' dir='ltr'>cantantur,</span> <span class='ocrx_word' id='word_1_202' title='bbox 1294 3562 1418 3644; x_wconf 89' lang='lat' dir='ltr'>quarn</span> <span class='ocrx_word' id='word_1_203' title='bbox 1436 3534 1467 3617; x_wconf 91' lang='lat' dir='ltr'>si</span> <span class='ocrx_word' id='word_1_204' title='bbox 1485 3561 1570 3617; x_wconf 91' lang='lat' dir='ltr'>non</span> <span class='ocrx_word' id='word_1_205' title='bbox 1589 3531 1642 3614; x_wconf 89' lang='lat' dir='ltr'>ita</span> <span class='ocrx_word' id='word_1_206' title='bbox 1660 3553 1950 3631; x_wconf 87' lang='lat' dir='ltr'>cantarentur,</span> 
     </span>
     <span class='ocr_line' id='line_1_25' title="bbox 580 3644 1954 3767; baseline 0.001 -35"><span class='ocrx_word' id='word_1_207' title='bbox 580 3700 611 3746; x_wconf 69' lang='lat'>2,</span> <span class='ocrx_word' id='word_1_208' title='bbox 640 3671 679 3741; x_wconf 81' lang='lat' dir='ltr'>et</span> <span class='ocrx_word' id='word_1_209' title='bbox 693 3676 834 3752; x_wconf 84' lang='lat' dir='ltr'>omnes</span> <span class='ocrx_word' id='word_1_210' title='bbox 853 3644 1016 3746; x_wconf 85' lang='lat' dir='ltr'>allectus</span> <span class='ocrx_word' id='word_1_211' title='bbox 1047 3648 1208 3766; x_wconf 90' lang='lat' dir='ltr'>spiritus</span> <span class='ocrx_word' id='word_1_212' title='bbox 1226 3648 1351 3733; x_wconf 89' lang='lat' dir='ltr'>nostri</span> <span class='ocrx_word' id='word_1_213' title='bbox 1368 3678 1442 3767; x_wconf 90' lang='lat' dir='ltr'>pro</span> <span class='ocrx_word' id='word_1_214' title='bbox 1459 3647 1522 3734; x_wconf 90' lang='lat' dir='ltr'>sui</span> <span class='ocrx_word' id='word_1_215' title='bbox 1554 3646 1776 3735; x_wconf 85' lang='lat' dir='ltr'>diversitate</span> <span class='ocrx_word' id='word_1_216' title='bbox 1807 3646 1954 3738; x_wconf 88' lang='lat' dir='ltr'>habere</span> 
     </span>
     <span class='ocr_line' id='line_1_26' title="bbox 582 3761 1955 3885; baseline 0 -36"><span class='ocrx_word' id='word_1_217' title='bbox 582 3821 613 3866; x_wconf 85' lang='lat'>,‚</span> <span class='ocrx_word' id='word_1_218' title='bbox 641 3768 826 3885; x_wconf 88' lang='lat' dir='ltr'>proprios</span> <span class='ocrx_word' id='word_1_219' title='bbox 842 3766 982 3853; x_wconf 90' lang='lat' dir='ltr'>modos</span> <span class='ocrx_word' id='word_1_220' title='bbox 998 3768 1041 3852; x_wconf 89' lang='lat' dir='ltr'>in</span> <span class='ocrx_word' id='word_1_221' title='bbox 1059 3794 1185 3867; x_wconf 86' lang='lat' dir='ltr'>voce,</span> <span class='ocrx_word' id='word_1_222' title='bbox 1201 3789 1321 3879; x_wconf 87' lang='lat' dir='ltr'>atque</span> <span class='ocrx_word' id='word_1_223' title='bbox 1340 3790 1493 3865; x_wconf 85' lang='lat' dir='ltr'>cantu,</span> <span class='ocrx_word' id='word_1_224' title='bbox 1525 3788 1703 3878; x_wconf 90' lang='lat' dir='ltr'>quorum</span> <span class='ocrx_word' id='word_1_225' title='bbox 1721 3761 1855 3850; x_wconf 89' lang='lat' dir='ltr'>nescio</span> <span class='ocrx_word' id='word_1_226' title='bbox 1870 3793 1955 3879; x_wconf 87' lang='lat' dir='ltr'>qua</span> 
     </span>
     <span class='ocr_line' id='line_1_27' title="bbox 581 3877 1955 3984; baseline 0.001 -19"><span class='ocrx_word' id='word_1_227' title='bbox 581 3940 611 3983; x_wconf 89' lang='lat'>,‚</span> <span class='ocrx_word' id='word_1_228' title='bbox 641 3885 800 3972; x_wconf 91' lang='lat' dir='ltr'>occulta</span> <span class='ocrx_word' id='word_1_229' title='bbox 817 3883 1080 3977; x_wconf 79' lang='lat' dir='ltr'>familiaritate</span> <span class='ocrx_word' id='word_1_230' title='bbox 1097 3884 1342 3973; x_wconf 84' lang='lat' dir='ltr'>excitantur.</span> <span class='ocrx_word' id='word_1_231' title='bbox 1359 3877 1441 3967; x_wconf 88' lang='lat' dir='ltr'>Sed</span> <span class='ocrx_word' id='word_1_232' title='bbox 1454 3877 1659 3965; x_wconf 87' lang='lat' dir='ltr'>delectatio</span> <span class='ocrx_word' id='word_1_233' title='bbox 1679 3877 1810 3966; x_wconf 88' lang='lat' dir='ltr'>carnis</span> <span class='ocrx_word' id='word_1_234' title='bbox 1827 3909 1955 3984; x_wconf 87' lang='lat' dir='ltr'>meae,</span> 
     </span>
     <span class='ocr_line' id='line_1_28' title="bbox 584 3997 1955 4117; baseline 0.002 -31"><span class='ocrx_word' id='word_1_235' title='bbox 584 4055 615 4098; x_wconf 81' lang='lat'>,‚</span> <span class='ocrx_word' id='word_1_236' title='bbox 644 4003 710 4086; x_wconf 84' lang='lat' dir='ltr'>cui</span> <span class='ocrx_word' id='word_1_237' title='bbox 727 4030 901 4090; x_wconf 88' lang='lat' dir='ltr'>mentem</span> <span class='ocrx_word' id='word_1_238' title='bbox 918 4003 1192 4098; x_wconf 84' lang='lat' dir='ltr'>enervandam</span> <span class='ocrx_word' id='word_1_239' title='bbox 1210 4030 1295 4094; x_wconf 84' lang='lat' dir='ltr'>nou</span> <span class='ocrx_word' id='word_1_240' title='bbox 1313 4024 1470 4117; x_wconf 86' lang='lat' dir='ltr'>oportet</span> <span class='ocrx_word' id='word_1_241' title='bbox 1487 3997 1602 4103; x_wconf 87' lang='lat' dir='ltr'>dari,</span> <span class='ocrx_word' id='word_1_242' title='bbox 1619 4025 1734 4114; x_wconf 84' lang='lat' dir='ltr'>saepe</span> <span class='ocrx_word' id='word_1_243' title='bbox 1753 4025 1814 4085; x_wconf 88' lang='lat' dir='ltr'>me</span> <span class='ocrx_word' id='word_1_244' title='bbox 1832 3998 1955 4088; x_wconf 62' lang='lat' dir='ltr'>fallit,</span> 
     </span>
     <span class='ocr_line' id='line_1_29' title="bbox 581 4114 1959 4241; baseline -0.009 -25"><span class='ocrx_word' id='word_1_245' title='bbox 581 4172 615 4223; x_wconf 70' lang='lat' dir='ltr'>sa</span> <span class='ocrx_word' id='word_1_246' title='bbox 697 4120 852 4214; x_wconf 79' lang='lat' dir='ltr'>&#39;unrado</span> <span class='ocrx_word' id='word_1_247' title='bbox 876 4147 1010 4215; x_wconf 87' lang='lat' dir='ltr'>autem</span> <span class='ocrx_word' id='word_1_248' title='bbox 1032 4123 1135 4208; x_wconf 89' lang='lat' dir='ltr'>hanc</span> <span class='ocrx_word' id='word_1_249' title='bbox 1150 4121 1276 4241; x_wconf 85' lang='lat' dir='ltr'>ipsam</span> <span class='ocrx_word' id='word_1_250' title='bbox 1303 4118 1500 4206; x_wconf 85' lang='lat' dir='ltr'>fallaciam</span> <span class='ocrx_word' id='word_1_251' title='bbox 1529 4114 1862 4206; x_wconf 85' lang='lat' dir='ltr'>immoderantius</span> <span class='ocrx_word' id='word_1_252' title='bbox 1887 4144 1959 4205; x_wconf 89' lang='lat' dir='ltr'>ca·</span> 
     </span>
     <span class='ocr_line' id='line_1_30' title="bbox 579 4234 1957 4336; baseline 0.002 -16"><span class='ocrx_word' id='word_1_253' title='bbox 579 4292 611 4336; x_wconf 87' lang='lat'>„</span> <span class='ocrx_word' id='word_1_254' title='bbox 645 4264 741 4324; x_wconf 86' lang='lat' dir='ltr'>vens</span> <span class='ocrx_word' id='word_1_255' title='bbox 757 4270 845 4332; x_wconf 87' lang='lat' dir='ltr'>erro</span> <span class='ocrx_word' id='word_1_256' title='bbox 865 4238 990 4324; x_wconf 89' lang='lat' dir='ltr'>nimia</span> <span class='ocrx_word' id='word_1_257' title='bbox 1008 4238 1213 4334; x_wconf 83' lang='lat' dir='ltr'>severitate</span> <span class='ocrx_word' id='word_1_258' title='bbox 1232 4265 1243 4320; x_wconf 81' lang='lat' dir='ltr'>s</span> <span class='ocrx_word' id='word_1_259' title='bbox 1260 4263 1299 4324; x_wconf 91' lang='lat' dir='ltr'>et</span> <span class='ocrx_word' id='word_1_260' title='bbox 1315 4236 1431 4330; x_wconf 87' lang='lat' dir='ltr'>valde</span> <span class='ocrx_word' id='word_1_261' title='bbox 1445 4236 1658 4335; x_wconf 83' lang='lat' dir='ltr'>interdum,</span> <span class='ocrx_word' id='word_1_262' title='bbox 1675 4259 1723 4321; x_wconf 95' lang='lat' dir='ltr'>ut</span> <span class='ocrx_word' id='word_1_263' title='bbox 1736 4234 1859 4334; x_wconf 81' lang='lat' dir='ltr'>melos</span> <span class='ocrx_word' id='word_1_264' title='bbox 1873 4265 1957 4323; x_wconf 74' lang='lat' dir='ltr'>om·</span> 
     </span>
     <span class='ocr_line' id='line_1_31' title="bbox 580 4353 1957 4472; baseline 0.002 -38"><span class='ocrx_word' id='word_1_265' title='bbox 580 4409 613 4456; x_wconf 88' lang='lat'>„</span> <span class='ocrx_word' id='word_1_266' title='bbox 646 4381 698 4444; x_wconf 89' lang='lat' dir='ltr'>nc</span> <span class='ocrx_word' id='word_1_267' title='bbox 724 4356 1016 4459; x_wconf 84' lang='lat' dir='ltr'>cantilenarum</span> <span class='ocrx_word' id='word_1_268' title='bbox 1039 4354 1266 4461; x_wconf 89' lang='lat' dir='ltr'>suavium,</span> <span class='ocrx_word' id='word_1_269' title='bbox 1291 4356 1444 4472; x_wconf 90' lang='lat' dir='ltr'>quibus</span> <span class='ocrx_word' id='word_1_270' title='bbox 1461 4353 1710 4444; x_wconf 89' lang='lat' dir='ltr'>Davidicum</span> <span class='ocrx_word' id='word_1_271' title='bbox 1726 4353 1957 4469; x_wconf 89' lang='lat' dir='ltr'>psalterium</span> 
     </span>
     <span class='ocr_line' id='line_1_32' title="bbox 581 4468 1958 4587; baseline 0.004 -32"><span class='ocrx_word' id='word_1_272' title='bbox 581 4528 614 4578; x_wconf 80' lang='lat'>„</span> <span class='ocrx_word' id='word_1_273' title='bbox 643 4471 952 4587; x_wconf 84' lang='lat' dir='ltr'>frequentatur,</span> <span class='ocrx_word' id='word_1_274' title='bbox 968 4481 1021 4565; x_wconf 87' lang='lat' dir='ltr'>ab</span> <span class='ocrx_word' id='word_1_275' title='bbox 1039 4474 1206 4561; x_wconf 91' lang='lat' dir='ltr'>auribus</span> <span class='ocrx_word' id='word_1_276' title='bbox 1222 4472 1318 4559; x_wconf 87' lang='lat' dir='ltr'>meis</span> <span class='ocrx_word' id='word_1_277' title='bbox 1334 4473 1527 4563; x_wconf 87' lang='lat' dir='ltr'>removeri</span> <span class='ocrx_word' id='word_1_278' title='bbox 1541 4472 1674 4573; x_wconf 86' lang='lat' dir='ltr'>velim,</span> <span class='ocrx_word' id='word_1_279' title='bbox 1692 4497 1812 4581; x_wconf 88' lang='lat' dir='ltr'>atque</span> <span class='ocrx_word' id='word_1_280' title='bbox 1831 4468 1958 4582; x_wconf 81' lang='lat' dir='ltr'>ipsius</span> 
     </span>
     <span class='ocr_line' id='line_1_33' title="bbox 574 4585 1959 4710; baseline 0.001 -34"><span class='ocrx_word' id='word_1_281' title='bbox 574 4620 614 4706; x_wconf 61' lang='lat'>,3</span> <span class='ocrx_word' id='word_1_282' title='bbox 642 4589 872 4709; x_wconf 78' lang='lat' dir='ltr'>Ecclesiae3</span> <span class='ocrx_word' id='word_1_283' title='bbox 897 4595 1103 4710; x_wconf 84' lang='lat' dir='ltr'>tutiusque</span> <span class='ocrx_word' id='word_1_284' title='bbox 1120 4593 1221 4679; x_wconf 92' lang='lat' dir='ltr'>mihi</span> <span class='ocrx_word' id='word_1_285' title='bbox 1237 4591 1431 4698; x_wconf 85' lang='lat' dir='ltr'>videtur,</span> <span class='ocrx_word' id='word_1_286' title='bbox 1464 4594 1580 4704; x_wconf 93' lang='lat' dir='ltr'>quod</span> <span class='ocrx_word' id='word_1_287' title='bbox 1609 4592 1658 4678; x_wconf 88' lang='lat' dir='ltr'>de</span> <span class='ocrx_word' id='word_1_288' title='bbox 1674 4585 1959 4677; x_wconf 84' lang='lat' dir='ltr'>Alexandrino</span> 
     </span>
     <span class='ocr_line' id='line_1_34' title="bbox 1185 4710 1648 4800; baseline 0.011 -7"><span class='ocrx_word' id='word_1_289' title='bbox 1185 4782 1191 4793; x_wconf 90' lang='lat'>.</span> <span class='ocrx_word' id='word_1_290' title='bbox 1443 4790 1447 4800; x_wconf 82' lang='lat'><em>.</em></span> <span class='ocrx_word' id='word_1_291' title='bbox 1549 4710 1589 4799; x_wconf 86' lang='lat' dir='ltr'><strong>H</strong></span> <span class='ocrx_word' id='word_1_292' title='bbox 1620 4734 1648 4797; x_wconf 78' lang='lat' dir='ltr'>a</span> 
     </span>
    </p>
   </div>
   <div class='ocr_carea' id='block_1_3' title="bbox 580 4848 1905 5090">
    <p class='ocr_par' dir='ltr' id='par_1_3' title="bbox 580 4848 1905 5090">
     <span class='ocr_line' id='line_1_35' title="bbox 633 4848 1905 4970; baseline -0.035 3"><span class='ocrx_word' id='word_1_293' title='bbox 633 4848 697 4960; x_wconf 61' lang='grc'>(1)4</span> <span class='ocrx_word' id='word_1_294' title='bbox 716 4868 864 4957; x_wconf 59' lang='lat' dir='ltr'>Remctr</span> <span class='ocrx_word' id='word_1_295' title='bbox 879 4894 1020 4964; x_wconf 68' lang='lat' dir='ltr'>-S³P·²0·</span> <span class='ocrx_word' id='word_1_296' title='bbox 1036 4874 1098 4945; x_wconf 80' lang='lat' dir='ltr'>lib·</span> <span class='ocrx_word' id='word_1_297' title='bbox 1121 4896 1154 4946; x_wconf 84' lang='lat'>¹·</span> <span class='ocrx_word' id='word_1_298' title='bbox 1167 4874 1248 4945; x_wconf 84' lang='lat' dir='ltr'>vide</span> <span class='ocrx_word' id='word_1_299' title='bbox 1346 4879 1403 4970; x_wconf 83' lang='lat'>(2)</span> <span class='ocrx_word' id='word_1_300' title='bbox 1427 4867 1566 4944; x_wconf 69' lang='lat' dir='ltr'>aiano.</span> <span class='ocrx_word' id='word_1_301' title='bbox 1583 4865 1742 4938; x_wconf 80' lang='lat' dir='ltr'>Conless.</span> <span class='ocrx_word' id='word_1_302' title='bbox 1758 4886 1831 4957; x_wconf 85' lang='lat' dir='ltr'>cap.</span> <span class='ocrx_word' id='word_1_303' title='bbox 1847 4885 1863 4954; x_wconf 85' lang='lat'>3</span> <span class='ocrx_word' id='word_1_304' title='bbox 1873 4885 1905 4953; x_wconf 79' lang='lat'>3,</span> 
     </span>
     <span class='ocr_line' id='line_1_36' title="bbox 580 4962 1583 5090; baseline -0.038 -40"><span class='ocrx_word' id='word_1_305' title='bbox 580 4962 1287 5090; x_wconf 22' lang='lat' dir='ltr'>Disiectamhujtu&#39;uumsare.inlhlma.z</span> <span class='ocrx_word' id='word_1_306' title='bbox 1361 5040 1388 5045; x_wconf 17' lang='grc' dir='ltr'>Ι,</span> <span class='ocrx_word' id='word_1_307' title='bbox 1528 4984 1583 5055; x_wconf 23' lang='grc' dir='ltr'>Ι·</span> 
     </span>
    </p>
   </div>
   <div class='ocr_carea' id='block_1_4' title="bbox 1898 5019 1906 5054">
    <p class='ocr_par' dir='ltr' id='par_1_4' title="bbox 1898 5019 1906 5054">
     <span class='ocr_line' id='line_1_37' title="bbox 1898 5019 1906 5054; baseline 0 0"><span class='ocrx_word' id='word_1_308' title='bbox 1898 5019 1906 5054; x_wconf 85' lang='lat' dir='ltr'>l</span> 
     </span>
    </p>
   </div>
   <div class='ocr_carea' id='block_1_5' title="bbox 0 0 2552 6228">
    <p class='ocr_par' dir='ltr' id='par_1_5' title="bbox 0 0 2552 6228">
     <span class='ocr_line' id='line_1_38' title="bbox 0 0 2552 6228; baseline 0 0"><span class='ocrx_word' id='word_1_309' title='bbox 0 0 2552 6228; x_wconf 95' lang='lat' dir='ltr'> </span> 
     </span>
    </p>
   </div>
  </div>
 </body>
</html>
