5084 6234
866 853 1653 987 Qurououtnuuu
1866 859 1956 979 θεῖ

571 1010 792 1105 asseritur,
817 999 1038 1085 Feretrium
1065 1024 1157 1084 ante
1174 1028 1270 1084 suos
1284 1000 1461 1109 hymnos
1476 996 1697 1114 promisisse
1714 993 1961 1092 breviarium

575 1128 740 1217 'turmine
770 1122 885 1235 longe
929 1116 1090 1205 brevius
1116 1178 1130 1216 ,
1161 1143 1200 1202 et
1222 1115 1378 1202 facilius
1395 1115 1628 1217 redditum3
1660 1116 1776 1229 quod
1796 1116 1956 1207 falsissi-

572 1278 687 1334 mum
704 1267 760 1329 est
776 1302 790 1341 ,
808 1266 901 1323 cum
918 1236 1025 1320 nulla
1040 1237 1192 1321 mentio
1221 1235 1403 1321 conuiuis
1421 1234 1620 1322 habeatur
1636 1234 1679 1317 in
1707 1233 1956 1354 fronteope·

571 1367 655 1465 ris,
683 1360 755 1447 ubi
788 1353 1034 1442 breviarium
1064 1353 1219 1440 facilius
1247 1350 1521 1471 promittitur.
1556 1351 1683 1553 lpitur
1713 1381 1807 1438 cum
1824 1360 1960 1445 Ferre·

569 1486 655 1570 rius
672 1475 805 1563 nescio
832 1500 1038 1587 quo‘casu
1063 1471 1116 1555 ad
1134 1473 1288 1558 exitum
1315 1470 1501 1559 breviarii
1527 1498 1566 1556 re
1585 1468 1850 1559 ormationem
1868 1506 1954 1563 non
2014 1573 2020 1584 ,

572 1595 851 1718 perduxisset,
885 1589 1073 1676 Clemens
1100 1589 1423 1675 V11.Francisco
1449 1587 1695 1705 Quignonio
1726 1587 1829 1676 inter
1853 1593 1958 1684 Cara

573 1716 725 1802 dinales
750 1740 864 1794 anno
895 1707 1061 1820 quidem
1083 1735 1207 1823 1527.
1241 1708 1402 1809 electo,
1431 1709 1501 1793 sed
1539 1735 1652 1791 anno
1674 1734 1798 1821 1529.
1833 1710 1957 1800 decla.-

570 1860 662 1922 rato
679 1895 693 1933 ‚
711 1828 916 1945 negotium
949 1823 1062 1911 dedit
1093 1853 1179 1927 ,ut
1214 1855 1408 1927 novum,
1441 1823 1773 1940 commodiusque
1804 1829 1963 1919 brevia.

575 1954 682 2040 rium
705 1947 944 2034 conficeret:
973 1942 1089 2054 quod
1115 1970 1257 2032 auctor
1276 1944 1358 2059 ipse
1393 1969 1532 2031 narrar
1561 1944 1604 2028 in
1628 1944 1875 2061 praefatione
1906 1949 1961 2035 ad

574 2069 746 2157 Paulum
776 2066 842 2147 111.
865 2062 1039 2172 :Quibus
1070 2064 1180 2148 rehus
1215 2061 1520 2164 animaduersis,
1556 2061 1719 2177 inquit,
1743 2060 1869 2173 felicis
1897 2097 1961 2154 re-

575 2184 806 2276 eordationis
841 2182 1011 2267 Clemens
1047 2178 1137 2267 Vtt.
1170 2183 1281 2265 Pone.
1314 2187 1434 2269 Mete.
1465 2210 1581 2295 quum
1617 2179 1870 2299 intelligeret,
1901 2184 1964 2298 of-

564 2306 654 2422 ficii
680 2303 741 2389 sui
773 2329 967 2387 esserum
1000 2296 1160 2381 oliorum
1191 2298 1493 2385 Christianorum
1527 2297 1855 2387 commoditatibus
1865 2334 1962 2421 pro-

576 2422 755 2540 spicere,
792 2445 872 2502 tum
907 2412 1112 2531 inprimis
1142 2417 1358 2533 clericorum
1392 2478 1407 2517 ,
1449 2417 1584 2531 quihus
1612 2413 1798 2502 ministris
1835 2443 1963 2507 utere·

572 2564 636 2627 tur
664 2540 705 2623 in
735 2533 938 2623 commisso
961 2533 1034 2618 sihi
1059 2563 1179 2652 grege
1206 2536 1513 2623 administrando
1544 2599 1559 2637 ,
1587 2562 1649 2617 me
1673 2535 1845 2626 hortatus
1875 2558 1960 2646 est,

576 2655 845 2777 negotiumque
887 2651 990 2736 dedit
1019 2688 1033 2751 ·,
1059 2673 1104 2737 ut
1119 2672 1279 2768 ,quantu
1314 2682 1406 2740 euro
1435 2691 1452 2753 ⁷,
1478 2680 1515 2736 et
1534 2650 1737 2769 diligentie
1753 2658 1845 2743 ¹niti
1865 2688 1966 2778 pos-

574 2807 681 2874 sem,
707 2802 840 2889 preces
856 2768 1029 2856 horarios
1064 2770 1118 2857 ita
1141 2771 1411 2887 disponerem,
1439 2790 1478 2855 et
1508 2774 1560 2857 ud
1573 2789 1733 2858 veterem
1766 2773 1967 2889 illumfoit-

578 2924 681 2982 ntum
698 2889 1096 3007 ‚quoudfieriposset
1117 2953 1131 2992 ,
1162 2890 1368 3012 redigerem
1387 2916 1460 2991 ,ut
1474 2888 1787 2998 difficultatibus,
1813 2896 1967 3012 dispen-

579 3013 725 3127 diisque
754 3008 936 3106 suhlntis,
965 3039 1036 3092 tter
1058 3040 1083 3091 et
1115 3038 1262 3095 summo
1288 3007 1447 3095 rationis
1464 3007 1552 3093 oiim
1580 3009 1851 3125 abantiquis,
1870 3042 1966 3101 sun·-

579 3129 719 3244 ctisqtre
751 3125 926 3211 Patribus
952 3122 1148 3208 institutae
1179 3125 1457 3227 discederetur,
1489 3154 1560 3213 nec
1585 3158 1733 3213 rursum
1765 3130 1889 3218 cleriei
1916 3136 1966 3221 uh

583 3243 706 3359 officio
725 3241 909 3360 precandi
931 3243 1238 3327 deterrerentur.
1270 3244 1400 3352 Quom
1434 3274 1507 3363 ego
1532 3245 1769 3361 provinciam
1799 3249 1970 3339 libentis-

580 3366 676 3451 sime
705 3360 879 3477 suscepi,
906 3359 1022 3445 simul
1051 3387 1095 3446 ut
1119 3359 1258 3476 Christi
1285 3363 1434 3450 Vieurio
1463 3363 1725 3450 honestissime
1732 3367 1865 3481 praeci
1887 3368 1967 3455 iett-

584 3484 619 3570 ti
640 3509 814 3598 poterent
833 3542 846 3578 ‚
875 3476 990 3563 simui
1004 3506 1048 3563 ut
1061 3482 1158 3565 horto
1168 3479 1321 3595 publico
1331 3509 1405 3597 pro
1419 3511 1503 3567 mea
1520 3480 1622 3567 virili
1634 3510 1747 3598 porte
1761 3512 1966 3576 recurrenti

583 3605 674 3686 Hoc
691 3597 934 3687 breviarium
955 3594 1175 3682 Clementis
1193 3599 1284 3683 VH.
1305 3598 1387 3686 sive
1403 3598 1633 3686 hortatione
1648 3663 1663 3701 ,
1677 3601 1758 3691 sive
1775 3602 1897 3717 jussu·
1909 3606 1969 3689 in·

584 3722 810 3816 choatum,
837 3717 915 3801 sub
941 3714 1067 3799 Paulo
1083 3716 1150 3797 ΙΙΙ.
1168 3714 1398 3802 absolutum
1425 3742 1510 3816 est,
1543 3741 1583 3802 et
1610 3717 1736 3834 hujus
1762 3721 1966 3810 Pontihcis

584 3838 794 3929 voluntate
827 3832 1011 3918 editum.
1042 3833 1092 3918 ld
1122 3857 1287 3920 testatur
1319 3831 1400 3949 ipse
1448 3832 1715 3950 Quignonius
1747 3836 1789 3921 in
1825 3839 1967 3926 eadem

616 3954 832 4041 raeiatione
863 3952 916 4037 ad
951 3950 1196 4038 breviarium
1221 3981 1332 4037 anno
1353 3953 1477 4071 1536.
1495 3957 1645 4039 Romae
1660 3955 1884 4070 vulgatum,
1903 3988 1970 4048 cu.

603 4105 652 4158 us
688 4098 745 4158 est
766 4070 938 4173 titulus,
974 4072 1039 4155 Ad
1063 4070 1337 4157 sanctissimum
1368 4074 1552 4174 Putrem,
1582 4098 1620 4157 et
1652 4073 1864 4160 Dominum
1896 4108 1970 4166 rto-

583 4219 704 4278 strum
731 4190 888 4275 Paulum
906 4191 976 4275 ΙΙΙ.
1001 4187 1227 4303 Pontificem
1260 4190 1486 4275 Maximum
1520 4191 1719 4280 Francisci
1753 4192 1969 4314 Quignonii

585 4312 644 4397 tit.
666 4336 819 4395 sanctae
841 4305 984 4392 ‘Crucis
997 4307 1260 4406 irtJerusuiem
1280 4309 1486 4426 Presbyteri
1502 4309 1715 4397 Curdinuiis
1737 4310 1778 4394 in
1806 4314 1968 4399 Brevin-

590 4430 688 4515 rium
701 4423 879 4544 proaime
896 4424 1103 4537 confectum
1121 4487 1135 4526 ,
1151 4455 1206 4511 nc
1228 4428 1353 4513 denuo
1367 4428 1603 4546 recognitum
1621 4426 1812 4538 Praefatio
1831 4466 1842 4510 ι
1870 4432 1973 4519 lnci-

590 4548 649 4667 pit
666 4567 799 4629 autem
815 4607 828 4646 ,
844 4544 1083 4628 Breviorium
1098 4548 1315 4631 Romanum
1330 4577 1453 4661 nuper
1463 4538 1720 4655 onohisfelie.
1734 4549 1881 4655 reeordj
1891 4550 1971 4637 cte.

589 4665 728 4749 mentis
751 4663 836 4752 VII.
865 4659 1059 4776 Pontificis
1074 4661 1249 4750 Maximi
1279 4666 1429 4749 hortatu
1447 4662 1689 4774 confictum,
1714 4692 1765 4747 uc
1783 4666 1969 4778 potiust‘r't

520 4853 523 4857 .
575 4783 806 4899 ampliorem
821 4807 1013 4867 sacrarum
1039 4779 1326 4896 Scripturorum
1353 4782 1546 4869 lectionem
1573 4782 1626 4867 od
1649 4808 1806 4867 veterem
1824 4812 1970 4875 sancto·

589 4930 673 4983 rum
688 4902 844 4986 Petrum
865 4960 879 5001 ,
902 4919 941 4984 et
955 4895 1464 5015 conciliorumontiquorunr
1474 4899 1642 5013 formum
1659 4914 1970 5010 revoeuttrtutuet·

587 5044 662 5131 que
680 5021 898 5124 vohntute,
923 5016 1154 5107 sanctissime
1172 5019 1312 5122 Peter,
1328 5020 1504 5126 editum,
1522 5048 1670 5139 ,graves
1677 5020 1875 5138 plerosque
1889 5048 1968 5126 ,zuo

1528 5138 1736 5228 Ccce
