5084 6234
686 795 772 916 266
1116 798 1368 887 filma]
1400 789 1641 884 ODIA

984 940 1126 1026 Nosne
1160 936 1329 1027 Christo
1361 941 1558 1053 procreati

893 1055 935 1147 6.
1042 1056 1245 1142 Daemoni
1274 1057 1515 1166 litabimus,

1039 1178 1092 1263 Et
1123 1175 1201 1261 Dei
1235 1175 1409 1263 formam
1429 1210 1612 1295 gerentes

1038 1291 1278 1383 Serviemue
1294 1296 1431 1382 seculo
1452 1296 1476 1383 2

1038 1411 1158 1500 Absit
1192 1435 1240 1499 ut
1270 1415 1447 1504 caelestis
1480 1415 1586 1535 ignis

1039 1534 1087 1616 Se
1118 1531 1293 1619 tenebris
1324 1534 1517 1623 misceat.

982 1651 1093 1735 Haec
1125 1650 1336 1764 loquentes
1368 1656 1617 1743 obruuntur·

1039 1766 1151 1855 Mille
1185 1770 1329 1884 poenis
1363 1776 1606 1886 Martyres,

1035 1886 1225 1972 Nexibua
1254 1916 1404 1977 manus
1428 1918 1623 2007 utraeque

1042 2003 1187 2089 flexus
1218 2003 1391 2095 involvit
1423 2009 1560 2126 rigor,

1037 2124 1091 2206 Et
1118 2121 1287 2235 chalybs
1312 2126 1444 2213 anrita
1468 2127 1570 2215 colla

899 2268 939 2351 7·
1033 2239 1181 2358 Cingit
1206 2239 1329 2333 arctis
1361 2246 1551 2334 circulis.

684 2442 755 2515 tane
780 2444 816 2514 ir
847 2440 977 2513 laudem
1007 2445 1096 2523 Dei,
1127 2445 1159 2516 in
1189 2448 1343 2535 probatis
1404 2447 1504 2543 QUE
1539 2444 1657 2519 SORS
1675 2440 2073 2525 Koubramon·

683 2539 890 2614 editionibus
903 2538 1095 2634 corrigitur
1106 2542 1280 2637 psallant,
1309 2564 1344 2643 et
1406 2548 1432 2617 ti
1468 2560 1603 2645 peterat
1649 2545 1683 2615 irr
1716 2544 1802 2612 bure
1835 2542 1977 2614 aiterum
2007 2538 2076 2607 ele·

683 2642 888 2731 subrogatur
901 2637 1052 2735 psallat.
1079 2638 1211 2732 Repeti
1241 2641 1344 2715 etiam
1404 2647 1593 2739 gartirrem
1608 2643 1684 2722 ‚ET
1703 2639 1855 2711 ASTRA
1873 2637 1979 2711 Nox
1997 2634 2074 2707 RE·

684 2737 854 2830 ineodem
872 2738 1002 2829 hymno
1016 2740 1225 2829 spondaeum
1243 2741 1347 2832 renio
1407 2739 1622 2816 DUXERlT
1639 2788 1649 2810 .
1665 2748 1707 2809 Et
1716 2754 1777 2834 pro
1795 2738 1854 2808 ille
1867 2735 1976 2823 feriae
1991 2735 2074 2805 Vei

688 2833 790 2908 locor
820 2835 876 2907 tol
894 2834 1048 2928 refugii,
1075 2850 1107 2908 et
1121 2836 1261 2931 lugubri
1275 2860 1349 2909 sor·
1410 2842 1547 2921 laudes,
1574 2836 1827 2928 PUROSQUE
1844 2835 1941 2907 NOS
1957 2829 2075 2903 ΡΜ·

686 2936 782 3007 eidus
793 2929 980 3029 ferrugine.
997 2932 1062 3005 Sed
1079 2934 1195 3027 potius
1208 2938 1346 3008 credam
1411 2937 1524 3010 STET
1551 2935 1640 3006 SIBl
1655 2984 1666 3016 ,
1682 2933 1932 3027 PURASQUE
1960 2930 2079 3001 MEN-

685 3050 922 3123 correptuma
951 3033 1139 3104 Prudentia
1155 3033 1350 3126 primumv
1411 3035 1490 3109 TES
1530 3031 1744 3113 AMBIAT,
1772 3033 1948 3105 rotundior
1975 3041 2073 3107 erat,

686 3132 720 3203 in
736 3130 909 3224 lugubri,
925 3155 1027 3222 quam
1043 3132 1143 3203 tertia
1159 3135 1239 3205 sede
1256 3154 1351 3206 tece-
1411 3150 1444 3206 et
1475 3132 1614 3204 suavior
1640 3153 1759 3203 versus
1789 3184 1800 3205 .
1842 3140 1950 3209 leem,
1980 3126 2072 3197 Mn-

685 3248 785 3322 ptum
803 3229 1042 3318 spondaeum:
1074 3253 1150 3300 nam
1170 3227 1349 3302 Prudentii
1410 3231 1523 3305 GNAE
1550 3230 1670 3302 DEUS
1704 3225 1987 3306 POTENTlAE,
2014 3244 2078 3292 cur-

688 3348 775 3399 aevo
791 3325 823 3396 in
837 3325 1038 3417 quibusdam
1055 3323 1197 3419 syllabis
1216 3326 1351 3419 quanti·
1409 3352 1474 3400 non
1497 3327 1634 3422 potius,
1661 3342 1693 3397 et
1723 3329 1864 3411 uerius,
1890 3319 2069 3396 SUMMAE

688 3442 738 3498 tat
754 3440 881 3495 mutata
906 3442 1006 3508 erat,
1035 3440 1073 3494 ut
1101 3424 1216 3495 multis
1235 3447 1350 3496 exem·
1409 3425 1531 3496 utus
1548 3422 1827 3497 POTENTIAE?
1846 3424 1937 3495 Illud
1954 3421 2067 3501 etiam,

548 3523 554 3540 “
686 3521 813 3618 plisex
843 3524 940 3603 eiua,
971 3539 1005 3593 et
1035 3520 1255 3615 aequalium,
1291 3538 1351 3593 aut
1407 3521 1679 3597 NASCENDO
1715 3522 1927 3595 FORMAM
1955 3515 2070 3587 SUM-

689 3620 919 3716 poateriorum
933 3639 1114 3713 poetarum
1142 3620 1350 3693 carminibus
1412 3621 1595 3703 PSERIS,
1621 3622 1760 3693 nitidius
1774 3635 1846 3692 erat
1861 3618 1922 3690 hoc
1945 3629 2045 3712 perro
2064 3662 2078 3696 ,

690 3735 807 3812 poaret
820 3720 1016 3792 confirmari
1033 3745 1044 3805 ς
1060 3743 1265 3814 quamquam
1283 3741 1351 3791 non
1411 3718 1633 3794 NASCENS
1649 3718 1870 3794 FIGURAM
1884 3709 2077 3826 SUMPQE

689 3819 829 3889 deerant
872 3816 994 3912 aliqui
1013 3818 1256 3902 delicatioret,
1291 3816 1350 3912 qui
1414 3819 1517 3891 RlS.
1544 3826 1587 3889 vt
1613 3822 1701 3892 erim
1730 3817 1845 3891 SORS
1864 3814 2075 3925 frequentato

694 3913 921 3988 imitationem
952 3916 1133 3989 meliorum
1171 3932 1352 4009 poetarum
1414 3918 1661 4017 inveniturpro
1681 3940 1782 3997 casu,
1799 3917 2005 3997 fortunam
2024 3923 2073 3979 tta

692 4010 793 4097 etiam
808 4009 842 4081 in
855 4012 1064 4106 syllabarum
1078 4015 1265 4107 quantitate
1279 4013 1355 4086 alfe·
1412 4014 1602 4088 NASCEN
1609 4014 1681 4085 DO
1701 4013 1910 4109 frequentius
1921 4008 2074 4105 produci·

693 4122 851 4180 ctatent.
884 4111 999 4195 Maior
1026 4113 1164 4206 quidem
1195 4131 1272 4205 para
1290 4114 1351 4182 ho·
1411 4129 1490 4193 tur,
1520 4133 1620 4209 quem
1633 4113 1816 4210 corripitur
1839 4110 2070 4208 epudpeetasr

694 4209 825 4281 minum
843 4208 1159 4297 pronunciationem
1190 4210 1221 4282 in
1235 4209 1352 4284 multia
1413 4213 1518 4294 beer,
1545 4212 1708 4310 inquam,
1737 4226 1770 4281 et
1796 4208 1866 4280 alie
1891 4222 2070 4287 sexcenta,

692 4302 887 4379 nominibus
914 4304 1133 4389 variaverat,
1168 4324 1201 4379 et
1220 4310 1291 4380 fere
1312 4311 1352 4381 ad
1413 4310 1570 4410 qvamvis
1594 4310 1800 4404 elegantiora
1825 4357 1837 4390 ,
1869 4308 2072 4393 rejecimus,

693 4404 804 4498 prima
837 4401 1060 4496 Reipublicae
1097 4423 1292 4497 tempora,
1320 4424 1355 4479 et
1413 4409 1604 4504 abstergere
1633 4413 1746 4482 conati
1771 4406 1940 4480 labeculas
1965 4452 1977 4486 ,
2006 4424 2073 4475 non

694 4505 737 4575 acl
767 4500 941 4577 Plautinor
957 4524 1115 4577 numeror
1131 4520 1323 4580 reverterat
1341 4554 1353 4577 .
1413 4522 1682 4603 temperatorem
1697 4501 2074 4604 elegantiaeflrremar·

695 4596 1355 4697 RomanihymnorumCorrectoresirv
1415 4627 1565 4679 tersere.
1589 4605 1826 4681 Nihilominus
1867 4600 1964 4674 multi
2007 4602 2070 4667 hot

696 4697 908 4785 Praefatiere
921 4705 1099 4795 quaedam,
1113 4725 1199 4799 quae
1213 4700 1355 4775 meliora
1416 4705 1644 4779 Correctoret
1657 4724 1827 4801 arguunt,
1853 4700 1944 4793 quod
1959 4694 1991 4765 in
2008 4695 2070 4789 hy·

696 4794 770 4869 lieri
781 4797 1001 4887 potuissent,a
1014 4827 1049 4873 se
1064 4803 1187 4877 intacta
1197 4826 1268 4875 erse
1282 4801 1359 4874 reli·
1417 4805 1504 4878 mois
1532 4805 1763 4899 antiquiorum
1788 4798 1951 4893 quaedam
1977 4792 2071 4869 nulla

696 4911 751 4966 cta
768 4894 972 4986 profitentur
985 4946 997 4978 ‚
1010 4908 1052 4971 vt
1070 4950 1081 4985 ,
1102 4902 1281 4997 inquiunt,
1299 4901 1358 4974 iile
1417 4904 1527 4976 coacti
1562 4901 1760 4975 necestitate
1789 4897 2072 4969 immutaverint.

695 5014 812 5070 versut
851 4995 895 5064 od
915 4996 1060 5094 primam
1090 5027 1100 5067 e
1129 5001 1358 5082 NOCTEM·
1418 5000 1788 5098 Riccioliuepetal'll.
1805 4995 1944 5116 ¹pratri.
1959 4995 2072 5093 caph.
