5084 6234
699 820 790 914 φο
1069 802 1709 896 B'R2EV13AR1UM'

703 964 766 1028 cet
779 940 1067 1061 Quignoniani
1083 943 1241 1032 licentia
1258 946 1552 1065 permitteretur
1572 1012 1582 1033 .
1613 952 1722 1034 Nam
1741 971 1924 1063 utsupra
1942 945 2101 1034 consti·

703 1055 780 1162 tit,
798 1061 1043 1151 breviarium
1060 1062 1291 1179 Quignonii
1305 1095 1445 1152 nouum
1464 1066 1701 1168 dicebatur,
1725 1093 1765 1154 et
1778 1065 1852 1180 qui
1865 1094 1914 1149 eo
1933 1067 1993 1151 uti
2010 1066 2098 1155 vel-

702 1171 816 1283 lent,
845 1180 1074 1268 facultatem
1094 1214 1222 1299 petere
1240 1192 1480 1272 tenebantur
1499 1214 1510 1267 ε
1535 1190 1651 1272 Hanc
1664 1185 1843 1273 nimirum
1860 1185 1996 1269 orandi
2020 1215 2096 1270 ua-

700 1295 902 1402 rietatem,
930 1300 985 1388 ait
1015 1305 1055 1387 S.
1073 1303 1256 1389 Pontifex
1283 1366 1297 1405 ,
1323 1303 1548 1423 gravissime
1561 1303 1692 1416 serem
1711 1300 1782 1415 fel.
1800 1332 1914 1388 mem.
1948 1306 2094 1392 Paulus

699 1413 806 1532 Papa
822 1422 895 1507 IV.
913 1425 1114 1509 emendare
1127 1440 1346 1509 statuerat.
1379 1423 1510 1537 ltaque
1518 1422 1732 1541 provisione
1747 1423 1917 1508 adlribita
1936 1454 2011 1526 ,ne
2025 1424 2095 1508 ul-

695 1533 790 1622 laia
799 1561 993 1654 posterum
1011 1541 1100 1628 noui
1122 1541 1295 1627 breviarii
1309 1541 1457 1629 licentia
1478 1542 1792 1659 permitteretur,
1825 1563 1944 1627 totam
1973 1542 2088 1629 ratio·

697 1683 785 1743 nem
802 1659 953 1745 dicendi
970 1715 987 1762 ,-
1016 1691 1065 1747 ac
1085 1655 1275 1777 psallendi
1286 1664 1399 1747 lraras
1417 1661 1618 1748 canonicas
1634 1665 1690 1746 acl
1697 1660 1900 1778 pristinum
1917 1690 2060 1747 morem
2075 1713 2093 1763 ,

696 1792 737 1860 rt
757 1773 976 1866 institurum
1013 1780 1257 1898 redigendam
1289 1777 1480 1896 suscepit.
1513 1781 1673 1866 Falsum
1701 1806 1759 1866 est
1790 1779 1939 1895 igitur,
1970 1781 2089 1893 quod

697 1921 869 1982 censura
887 1897 1117 1986 parisiensis
1143 1896 1357 1985 Facultatis
1375 1898 1619 2016 theologicae
1654 1900 1845 1988 adversus
1862 1897 2089 1985 Maldona-

697 2036 787 2099 turn
804 2017 926 2106 habet
939 2047 954 2120 ς
969 2016 1185 2135 Quignoaii
1201 2014 1425 2103 breuiarium
1458 2020 1573 2103 Sedes
1586 2021 1759 2105 Romana
1774 2015 1999 2132 approbavit
2014 2082 2028 2119 ,
2045 2035 2088 2105 et

693 2127 816 2220 dicere
825 2138 1027 2255 proposuit
1055 2134 1281 2223 auctoritate
1296 2133 1408 2221 Pauli
1422 2134 1524 2239 HL,
1546 2136 1642 2232 Iulii
1658 2139 1726 2223 lli.
1747 2200 1760 2238 ,
1793 2163 1831 2219 et
1844 2136 1958 2221 Pauli
1973 2138 1995 2219 l
1998 2139 2046 2226 V.
2068 2201 2084 2241 ,

693 2249 735 2336 in
763 2281 861 2369 quos
875 2285 1006 2343 omnes
1033 2257 1247 2342 redundant
1279 2254 1527 2343 contumeliae
1559 2256 1684 2343 dictae
1712 2256 1754 2341 in
1785 2253 2087 2372 Quigrtoaium·

693 2366 903 2463 Claudius
915 2374 1082 2488 Jolyus,
1115 2403 1238 2489 quem
1263 2373 1405 2461 merito
1422 2375 1679 2467 Ladvocatus
1697 2373 1833 2460 refellit
1847 2435 1861 2474 ,
1874 2372 1936 2458 his
1951 2374 2091 2489 Ponti.

691 2486 999 2593 ficibuslulium
1017 2497 1087 2578 lV.
1102 2499 1413 2609 approbatorem
1430 2493 1616 2585 breviarii
1633 2492 1923 2612 Quignoniani
1940 2490 2086 2609 adjun·

688 2634 802 2701 xerat
822 2674 832 2698 .
853 2611 983 2731 Pergit
1001 2611 1266 2699 Caracciolus
1282 2613 1333 2698 de
1351 2613 1477 2700 Paulo
1496 2616 1569 2699 lV.
1587 2644 1758 2700 narrans
1778 2672 1788 2694 .
1809 2609 1944 2698 Arrese
1958 2610 2082 2731 lungo

686 2750 811 2843 tempo
818 2731 897 2851 egli
902 2758 1052 2818 cresson
1057 2722 1147 2840 fiere
1161 2763 1215 2815 un
1230 2732 1415 2820 breviario
1430 2729 1632 2842 riformato
1640 2734 1798 2819 secondo
1816 2732 1832 2814 l
1840 2731 1974 2815 ’antica
1987 2762 2081 2849 gra·

687 2844 770 2948 vird
784 2879 833 2951 ,e
846 2850 951 2953 rito,
975 2858 1042 2936 md
1055 2851 1191 2963 perclrd
1203 2871 1386 2942 erataato
1401 2880 1613 2967 occuparo,
1638 2850 1799 2935 euoleua
1809 2846 1915 2958 fitrlo
1929 2847 1989 2931 lui
2002 2849 2084 2934 solo

601 2974 606 2977 ”
684 2962 729 3049 di
755 2995 828 3056 tua
851 2968 1010 3088 propria
1019 2963 1176 3082 fatica,
1203 2968 1331 3084 perciti
1362 2999 1439 3056 aaa
1455 2970 1491 3054 Io
1502 2977 1602 3085 pote
1609 2967 1761 3084 finire,
1793 2974 1861 3051 md
1882 2986 2080 3062 restarono

686 3077 704 3165 i
715 3089 803 3174 suoi
831 3090 1011 3207 adhorti,
1042 3120 1063 3174 e
1074 3086 1246 3205 principj
1272 3088 1377 3207 peri
1391 3090 1596 3176 successori
1610 3085 1797 3205 Pontefici
1813 3149 1824 3172 .
1856 3085 1927 3174 Ait
1949 3084 2082 3173 subla·

686 3228 749 3292 tos
763 3203 886 3292 fuisse
902 3268 915 3306 ,
933 3208 1262 3322 quell’lriartimalc
1273 3208 1431 3294 sonanti
1444 3207 1540 3294 della
1554 3205 1933 3326 Transfiguratioae,
1947 3236 1968 3290 c
1982 3206 2081 3292 della

684 3321 761 3408 SS.
780 3324 955 3426 Triuird,
973 3330 1038 3412 clte
1052 3354 1171 3414 erano
1185 3328 1250 3412 nel
1263 3324 1411 3414 vecclrio
1427 3325 1611 3412 breviario
1632 3388 1643 3409 .
1669 3329 1768 3412 Non
1787 3349 1953 3442 apparet
1972 3348 2082 3410 certa

684 3441 790 3529 ratio
809 3500 823 3539 ,
842 3472 916 3528 cur
932 3470 1094 3532 tanturn
1110 3445 1289 3533 laborem
1304 3445 1346 3530 in
1364 3444 1624 3532 reformando
1640 3443 1841 3534 breviario
1857 3441 1992 3532 subire
2015 3442 2084 3527 de·

686 3559 820 3649 buerit
835 3624 850 3664 ,
866 3559 1065 3677 siquidem
1086 3588 1180 3651 ante
1200 3564 1348 3651 multos
1365 3593 1498 3650 annos
1513 3560 1613 3648 inid
1629 3592 1733 3680 opus
1744 3562 1863 3648 simul
1879 3592 1975 3651 cum
1989 3558 2078 3648 aliis-

681 3678 889 3769 sodalibus
915 3711 1077 3771 strenue
1094 3680 1372 3785 incubuerat,
1406 3682 1482 3769 nisi
1496 3683 1599 3771 forte
1618 3680 1786 3769 rationis
1820 3680 1933 3796 prius
1949 3677 2076 3766 initae

681 3823 888 3918 pertaesus
904 3802 978 3889 alia
996 3830 1161 3921 prorsus
1175 3801 1243 3894 via
1260 3801 1473 3889 decurrere
1492 3802 1536 3886 in
1553 3802 1740 3887 animum
1756 3798 1962 3888 induxerit
1971 3797 2043 3913 (a)
2061 3853 2076 3881 .

736 4022 787 4106 (a)
816 4016 950 4091 Confer
981 4020 1127 4092 eundem
1167 4017 1353 4090 Caraccio·
1413 4017 1508 4088 ldem
1535 4016 1688 4090 Meratus
1720 4040 1800 4111 erga
1835 4012 2079 4111 Qignouium

683 4106 755 4182 lunt
790 4116 825 4186 in
850 4131 949 4212 opere
981 4119 1068 4189 edito
1100 4127 1220 4213 Synop.
1243 4134 1350 4189 veter.
1413 4114 1488 4186 aliis
1501 4114 1838 4209 aequiorbrevitet‚
1866 4115 2077 4198 reuertere,

681 4208 845 4307 Religion
861 4215 1189 4313 rr't.p.1.aedcap.1.‚
1207 4216 1266 4287 ubi
1282 4238 1353 4287 rur·
1412 4234 1449 4285 et
1462 4213 1548 4286 citra
1561 4210 1896 4287 invidiambreviarii
1912 4210 2078 4310 Qrigno-

681 4330 743 4381 sus
770 4309 978 4384 breviarium
1001 4312 1194 4407 Quignonii
1229 4314 1350 4407 exagi-
1412 4311 1502 4385 niani
1518 4314 1652 4392 ideam,
1675 4330 1712 4385 et
1726 4312 1892 4385 rationem
1909 4309 2077 4404 exponit·

681 4406 741 4482 bat
769 4458 782 4496 ‚
814 4425 848 4483 et
875 4410 1063 4505 josephum
1099 4412 1186 4486 Silos
1212 4421 1349 4508 paral.
1413 4412 1477 4483 Sed
1510 4434 1586 4482 eurn
1612 4411 1754 4483 facultas
1782 4409 1899 4483 utendi
1917 4412 1982 4482 hoc
2000 4410 2080 4483 bre·

684 4508 983 4582 HistonTlreatr'tr.
1006 4521 1195 4609 pag.95.,
1216 4534 1260 4582 ert
1280 4534 1350 4603 quo
1413 4509 1526 4582 triario
1565 4509 1707 4582 concedi
1753 4534 1819 4581 non
1856 4508 1984 4581 soleret
2016 4506 2083 4580 nisi

681 4601 835 4679 Meretur
861 4607 897 4681 ir
916 4613 1096 4684 Commeat.
1114 4609 1265 4682 brem-ia
1284 4616 1350 4680 Ga·
1413 4607 1632 4706 Presbyteris
1656 4608 1892 4690 secularibus,
1926 4606 1985 4701 qui
2004 4630 2079 4678 eam

680 4718 779 4778 vert.
792 4720 911 4780 tecta.
927 4720 1029 4807 rapt.
1045 4727 1157 4783 narrat
1172 4756 1183 4790 ‚
1210 4710 1251 4779 ad
1266 4732 1348 4779 con·
1408 4724 1587 4798 peterent,
1620 4732 1687 4781 non
1704 4706 1891 4802 intelligo,
1913 4703 2077 4798 quamob-

678 4799 798 4878 tilium
816 4802 1055 4882 'tridentinum
1086 4808 1239 4881 delatum
1266 4806 1345 4880 fuis·
1408 4828 1480 4879 rent
1500 4807 1682 4893 Meretur,
1716 4811 1838 4891 eteius
1859 4802 1991 4878 sodales
2009 4799 2078 4872 lau·

679 4898 1344 5006 semissale2etbrevittium,qucd,
1405 4908 1439 4980 di
1483 4908 1657 4993 Maiorem
1691 4929 1831 4980 suorum
1875 4897 2078 4983 verterint,

676 4995 820 5096 inquit,
845 5002 950 5077 nostri
969 5007 1118 5080 scaitrct
1135 5008 1343 5083 cdidtrmt.
1403 5009 1498 5105 quod
1532 5031 1707 5105 uunquam
1734 5003 1820 5081 illud
1848 4997 2075 5078 admiserint·
