5084 6234
997 831 1537 929 utor-Aulon
1876 839 1962 957 267

587 1098 652 1189 Ad
680 1101 838 1189 laudet.
876 1050 960 1186 Illa
994 1096 1083 1182 laus
1116 1098 1280 1185 occulta
1315 1123 1402 1180 non
1431 1121 1518 1203 est,

928 1219 1016 1302 Nec
1045 1216 1214 1303 senescit
1244 1240 1453 1331 tempore,

929 1333 1057 1421 Missa
1085 1332 1203 1451 quod
1226 1362 1390 1422 sursum
1412 1363 1482 1452 per
1510 1363 1631 1424 nutas

926 1450 1156 1541 Evoiurunt
1186 1477 1391 1557 munera,
1643 1563 1645 1568 Ι

928 1568 1046 1685 Quae
1072 1572 1181 1663 viam
1239 1598 1347 1659 acere
1379 1573 1476 1659 caeli
1527 1605 1530 1611 ¹

808 1687 852 1772 8.
924 1692 1180 1778 Denotarent
1209 1604 1395 1776 iturine.

873 1803 980 1892 lllius
1013 1809 1134 1894 fidem
1161 1810 1344 1926 figurans

930 1928 1053 2015 Nube
1086 1926 1214 2016 iertur
1247 1928 1458 2032 annulus,

929 2045 1008 2131 Hic
1038 2045 1102 2132 sui
1134 2047 1205 2134 dat
1240 2048 1391 2166 pignus
1420 2049 1531 2152 oris,

927 2167 986 2249 Ut
1014 2164 1176 2266 ierunt,
1202 2170 1415 2269 orarium,

930 2281 1052 2391 Quae
1084 2311 1263 2395 superno
1283 2310 1400 2400 rapta
1430 2286 1530 2373 flatu
1586 2275 1608 2310 ”

440 2477 443 2483 ,
560 2403 574 2444 i
928 2397 1050 2482 Lucis
1077 2397 1231 2488 intrant
1249 2401 1467 2489 intimum.
1617 2396 1747 2487 L12

576 2602 649 2674 reg.
665 2601 698 2648 a.
713 2574 825 2648 laudat
840 2581 1005 2674 hymnum
1025 2582 1203 2655 Prudentii
1220 2630 1231 2665 ,
1294 2583 1377 2653 tinet
1390 2583 1525 2664 dicere,
1538 2606 1619 2655 cum
1634 2605 1673 2653 ea
1685 2579 1729 2652 sit
1743 2577 1889 2675 antiquo
1903 2579 1964 2651 Ec·

573 2679 633 2771 qui
660 2675 794 2748 canitur
822 2681 863 2749 ad
890 2678 1006 2750 laudes
1019 2680 1231 2764 feriaelV.,
1292 2679 1484 2753 clesiastico
1516 2705 1580 2754 usu
1597 2693 1820 2762 consecrata,
1847 2699 1966 2774 quarnd

572 2781 661 2867 Nox
675 2789 708 2843 ct
725 2772 900 2857 tenebrae,
925 2776 1108 2861 cenobiis,
1136 2783 1233 2865 cujus
1297 2803 1398 2873 quam
1417 2803 1482 2852 non
1492 2779 1625 2875 ubique
1640 2800 1705 2872 pro
1716 2779 1835 2849 eadem
1853 2798 1892 2848 re
1905 2798 1964 2850 at·

571 2892 622 2945 est
636 2894 753 2945 versus
769 2881 842 2945 :Tu
858 2876 917 2948 lux
930 2878 982 2948 eoi
999 2878 1117 2950 sideris
1131 2927 1142 2952 .
1156 2880 1233 2949 Pri·
1294 2876 1448 2970 cipitur,
1476 2901 1589 2974 neque
1614 2878 1694 2949 satis
1710 2876 1818 2968 liquet
1834 2922 1846 2956 ,
1860 2876 1967 2968 quod·

575 2995 632 3044 mc
647 2971 761 3051 enim,
787 2971 862 3055 ait,
890 2976 924 3045 irs
943 2974 1023 3046 EOl
1049 2978 1232 3049 commissis
1295 3001 1371 3049 narn
1387 3000 1520 3068 genus,
1550 2994 1614 3047 aut
1630 2988 1761 3067 partem
1779 2971 1884 3044 vestis
1911 2994 1967 3044 sa·

574 3082 649 3150 cst,
664 3082 732 3138 esto
745 3068 897 3140 vrbanus
912 3078 1007 3145 Vm.
1021 3076 1234 3143 considerans
1295 3095 1373 3143 crae
1389 3073 1552 3144 candidae
1573 3072 1746 3165 significet
1763 3118 1775 3142 .
1809 3071 1965 3142 Annota·

570 3166 771 3265 pierumque
788 3168 1234 3267 longanessemposscrit,
1295 3186 1350 3241 tor
1362 3168 1525 3242 editionis
1542 3172 1583 3242 ad
1607 3191 1705 3241 usum
1721 3165 1890 3260 Deiphini
1902 3166 1964 3251 ait,
2099 3215 2102 3222 ·

571 3273 622 3336 Ta
642 3284 726 3335 ocra
755 3263 816 3336 iux
841 3264 1057 3339 caelestium.
1086 3270 1139 3341 Ac
1169 3266 1237 3339 for·
1298 3268 1467 3341 Orarium
1506 3267 1616 3360 accipi
1646 3278 1711 3360 pto
1741 3265 1872 3349 limbo,
1900 3264 1962 3359 qui

577 3382 666 3435 tasse
694 3362 852 3435 Urbanus
884 3366 982 3438 vlu.
1010 3367 1082 3459 ipse
1111 3389 1174 3460 per
1198 3390 1235 3439 se
1297 3366 1486 3461 apponitur
1506 3364 1677 3462 margini,
1710 3379 1745 3436 et
1763 3365 1966 3437 extremita-¹

573 3462 659 3533 hanc
675 3461 899 3537 mutationem
917 3464 1078 3549 invexit,
1105 3490 1181 3539 nam
1201 3464 1235 3538 in
1297 3464 1324 3537 ti
1342 3464 1492 3549 alicuius
1507 3463 1703 3538 vestimenti
1722 3480 1862 3534 ornatus
1879 3481 1965 3533 cau·

574 3559 688 3651 prima
715 3558 864 3633 editione
884 3565 1090 3658 hymnorum
1117 3586 1234 3635 emen·
1298 3586 1359 3644 sa,
1381 3562 1462 3637 item
1485 3585 1550 3656 pro
1567 3565 1698 3656 peplo,
1723 3578 1781 3631 aut
1793 3556 1962 3652 operculo

574 3658 733 3729 datorum
747 3681 834 3730 anno
853 3668 1077 3747 1629.vcrsus
1094 3658 1231 3752 legitur,
1294 3659 1415 3752 capitis
1435 3710 1447 3743 ,
1475 3664 1533 3731 sed
1547 3658 1687 3753 proprie
1702 3655 1893 3749 significare
1908 3679 1960 3728 su·
1997 3703 2002 3712 ,

575 3770 615 3825 ut
630 3754 664 3825 in
677 3754 866 3830 Prudentio
882 3786 891 3828 s
908 3764 955 3828 Tu
971 3758 1091 3829 iuxcoi
1105 3759 1233 3829 sideris.
1298 3759 1430 3830 darium
1446 3805 1458 3841 ,
1486 3781 1559 3851 quo
1577 3782 1616 3829 os
1632 3754 1865 3847 abstergitur.
1880 3754 1963 3826 Hoc

580 3852 795 3926 ludovicum
831 3856 1015 3928 Cavallum
1050 3856 1237 3950 suscepisse
1298 3851 1960 3948 s'ensuopinoraPrudentiousurpari,

575 3950 902 4036 demonstrandum,
934 3958 992 4027 has
1025 3956 1235 4050 hymnorum
1298 3978 1378 4027 cum
1394 3957 1437 4027 de
1452 3954 1621 4027 militibus
1633 3968 1733 4047 agat,
1751 3950 1973 4046 quibusooc·

576 4050 807 4124 correctiones
848 4072 963 4146 patere
999 4076 1096 4146 posse
1128 4075 1238 4125 novae
1298 4045 1648 4147 apparetctusa,ctir
1665 4068 1796 4123 vestem
1810 4046 1959 4144 aliquam

577 4165 640 4235 per
655 4144 837 4221 Pontifices
854 4151 1058 4225 correctioni
1077 4152 1177 4223 retuli
1194 4176 1237 4224 ex
1297 4150 1568 4225 ecclesiasticam
1584 4156 1625 4226 ad
1641 4173 1757 4224 manus
1772 4149 1876 4221 fuisse
1888 4147 1963 4221 exi·

576 4241 776 4332 Theophiio
817 4248 1007 4342 Raynaudo
1060 4248 1235 4321 Dissertat.
1297 4252 1499 4323 stimemut:
1532 4254 1617 4324 hanc
1639 4248 1958 4336 interpretationem

577 4345 1238 4444 5.XXV11.nrsm·r54.;sedchheo·
1296 4350 1497 4441 praeferunt
1515 4345 1728 4421 Boliandiani
1748 4394 1758 4415 .
1779 4346 1959 4415 Postremo

575 4440 675 4533 philo
687 4438 804 4535 colligi
825 4464 963 4532 potest,
992 4445 1142 4520 illumin
1166 4446 1237 4539 pri·
1298 4442 1379 4519 loco
1399 4451 1572 4531 adverto,
1599 4444 1710 4519 videri
1736 4442 1960 4515 Prudentium

577 4538 643 4609 mis
669 4541 868 4629 reprobasse
885 4544 1043 4635 quasdam
1066 4545 1236 4617 reforma·
1302 4547 1393 4618 hunc
1406 4549 1575 4641 hymnum
1595 4543 1776 4619 effecisse,
1806 4556 1844 4611 ut
1862 4538 1960 4610 mni·-¹

578 4636 688 4709 tiones
703 4636 738 4706 in
753 4639 887 4733 hymnis
902 4642 1113 4713 &Ambrosii
1128 4691 1139 4722 ,
1155 4645 1236 4715 Pru·
1296 4646 1447 4716 versario
1460 4643 1515 4716 die
1532 4645 1590 4716 SS.
1608 4644 1800 4733 Martyrum
1820 4639 1861 4708 ab
1879 4634 1958 4708 uni·

578 4734 712 4815 dentii,
744 4735 958 4833 aliorumque
984 4742 1084 4819 huius
1111 4755 1234 4823 notae,
1295 4741 1544 4835 cersopopulo
1569 4756 1775 4816 caneretur,
1803 4736 1957 4830 quode!

580 4852 729 4922 quorum
769 4838 951 4910 auctoritas
989 4837 1232 4910 modernorum
1295 4839 1425 4912 ultimis
1448 4840 1604 4911 versibus
1631 4836 1802 4920 conjicere
1832 4856 1997 4932 portu-x

578 4926 1234 5032 opinionibus,etregulisestpraepo·
1293 4959 1398 5023 mus3
1936 5029 1939 5036 Ι
1974 5021 1983 5046 ,

581 5027 715 5102 nenda.
742 5033 800 5108 De
813 5059 901 5113 voce
916 5036 1072 5115 orarium
1084 5034 1167 5110 nibil
1183 5052 1232 5110 at·
1340 5043 1434 5111 stare
1457 5058 1570 5123 susc,
1595 5032 1743 5132 hymnite
1765 5047 1890 5107 merres
1953 5047 1961 5060 ·
