5084 6234
746 773 903 1003 13ῗόι.
936 911 1022 997 Erit
1049 910 1248 1012 fortasse,
1280 912 1355 1021 qui
1387 910 1486 997 scire
1521 913 1646 1018 uelit,
1680 940 1754 999 cur
1776 916 1973 1002 Urbanus
1988 917 2133 1022 Vnt,

743 1029 1080 1151 quandoquidem
1111 1033 1362 1146 hymnorum
1389 1028 1659 1143 antiquorum
1690 1030 1872 1124 barbaric
1892 1030 2129 1125 offendeba-

741 1256 782 1313 ut
795 1239 853 1322 air,
869 1237 1113 1311 Grammaticus
1128 1230 1216 1330 leges
1229 1236 1397 1310 interdum

741 1336 889 1409 Ecclesia
905 1336 1054 1434 speruit,
1084 1334 1156 1406 sive
1175 1335 1287 1424 potius
1321 1340 1399 1427 Ne·

738 1435 1018 1531 gligitlrrterdum
1027 1427 1282 1504 latiasEcelesia
1292 1430 1392 1527 leges:

740 1558 841 1629 quem
870 1556 1007 1604 versum
1029 1532 1231 1604 auctoritate
1256 1530 1395 1613 Joannis

739 1636 782 1706 de
800 1632 878 1702 Deo
893 1629 1066 1703 Gonzalez
1080 1629 1164 1701 olim
1188 1627 1239 1700 sui
1255 1629 1288 1706 in
1304 1627 1397 1701 litte·

739 1730 785 1803 ris
803 1729 1059 1803 humanioribus
1084 1726 1319 1823 Praeceptoris
1336 1750 1393 1798 su·

739 1828 861 1919 brogat
878 1828 954 1899 loco
971 1825 1062 1899 illius
1077 1823 1206 1917 antiqui
1224 1870 1236 1904 ,
1265 1824 1323 1916 qui
1342 1824 1395 1894 ni·

737 1925 922 2000 hilominus
953 1922 1185 2005 meoiudicio
1215 1942 1249 1992 et
1278 1921 1395 1994 verior

740 2023 816 2107 est,
840 2028 878 2094 'et
902 2021 1041 2115 gravior
1069 2024 1134 2092 lroc
1165 2018 1275 2091 altero
1302 2042 1395 2090 novo

735 2120 960 2194 Gonzalezii.
974 2119 1238 2288 sed'infomm’
1256 2117 1393 2200 vellem,

736 2217 794 2293 sir
822 2224 943 2293 doctus
975 2219 1083 2291 anima
1109 2216 1296 2297 vertisset,
1326 2216 1395 2304 psi·

736 2338 830 2400 mum
855 2321 1001 2412 hymnos
1017 2312 1261 2386 ecclesiasticos
1289 2312 1394 2384 fuisse

735 2417 776 2488 ad
794 2414 1032 2510 grammaticae
1052 2461 1065 2497 ,
1089 2428 1123 2483 et
1153 2409 1333 2506 prosodiae
1348 2408 1394 2481 le·

736 2533 794 2606 ges
813 2531 1015 2594 reuocatos,
1043 2529 1115 2582 tum
1131 2525 1304 2582 auctorem
1326 2511 1392 2604 hy·

734 2610 803 2682 mni
818 2632 876 2682 uec
892 2612 987 2701 Virg.
1000 2631 1060 2680 rrec—
1073 2615 1293 2702 Martyrease
1307 2606 1393 2679 Car.

732 2707 1041 2781 dinalemSiluium
1073 2708 1302 2778 Antonianum
1330 2710 1392 2777 hu·

732 2806 786 2890 ius
810 2806 890 2877 artis
919 2803 1192 2895 peritissimum,
1215 2823 1390 2895 postremo

733 2904 877 2978 verbum
906 2903 1022 2999 potior
1029 2905 1151 3001 potiris
1179 2900 1281 2975 fuisse
1304 2901 1390 2975 olim

731 2999 834 3113 simul
845 3002 964 3075 tertiae
979 3019 1012 3073 et
1022 3020 1163 3098 quartae
1179 3002 1392 3093 coniugatio·

730 3119 781 3169 nn
797 3148 808 3179 ,
823 3124 887 3171 non
902 3122 999 3171 secus
1014 3125 1052 3174 ac
1067 3103 1216 3183 morior,
1234 3117 1269 3171 et
1282 3100 1390 3170 orior.

730 3193 782 3271 Er
798 3219 867 3288 quo
886 3200 935 3280 fit,
950 3217 989 3269 ut
1001 3200 1133 3295 potitur
1149 3202 1268 3271 habeat
1282 3208 1300 3267 1
1317 3201 1391 3267 bre·

733 3315 801 3377 ue,
831 3319 909 3369 cum
929 3318 1023 3369 more
1039 3296 1160 3368 tertiae
1176 3296 1388 3390 coniugatio·

729 3393 779 3478 nis
792 3392 1001 3473 inflectitur,
1019 3393 1160 3486 longum
1182 3416 1290 3476 uero,
1307 3416 1384 3463 cum

730 3514 826 3567 more
857 3513 1035 3586 quartae.
1068 3490 1273 3565 Communis
1301 3513 1385 3584 ergo

728 3589 872 3663 secunda
889 3588 1016 3663 vocalis
1029 3590 1149 3681 passim
1166 3590 1337 3663 indicatur
1351 3588 1385 3659 in

728 3686 909 3780 prosodiae
926 3690 1205 3763 auctoribus-Sed
1222 3687 1384 3781 quoniam

728 3786 771 3856 td
784 3804 917 3858 veteres
935 3808 1124 3882 provocat,
1143 3810 1207 3880 pro
1223 3810 1291 3857 uno
1310 3785 1389 3855 Vir·

727 3882 801 3974 gilii
817 3905 940 3965 uersu,
956 3886 987 3958 in
1003 3910 1073 3979 quo
1088 3886 1203 3960 brevis
1217 3905 1280 3964 est,
1296 3885 1385 3956 duos

728 3984 829 4064 dabo,
846 3981 880 4052 in
894 3982 1023 4075 quibus
1037 4003 1087 4056 est
1103 3986 1201 4077 longa
1215 4010 1224 4052 s
1240 3992 1386 4053 Fuecuu-

728 4081 769 4155 de
791 4091 946 4194 penetrat
968 4083 1134 4178 penitus,
1166 4080 1315 4152 tlalamo
1341 4102 1383 4148 ue

724 4191 878 4277 potatur.
906 4176 1057 4250 Naevius
1073 4179 1218 4252 2.1liad.
1234 4225 1246 4247 .
1263 4099 1383 4261 melicis

727 4274 820 4348 dena
844 4280 967 4356 ceres,
981 4298 1042 4349 ruet
1051 4274 1165 4370 plebes
1187 4291 1277 4370 pane
1298 4274 1392 4369 poti·

727 4386 809 4446 tur.
847 4369 1024 4445 Lucilius.
1055 4374 1123 4444 Eos
1139 4372 1278 4444 adducit
1308 4373 1384 4442 Pri-

727 4472 861 4546 tcianus
874 4468 952 4542 Lib.¹
965 4473 1005 4542 Χ.
1018 4469 1098 4555 fola
1108 4472 1166 4563 38.
1186 4476 1299 4541 Vener.
1315 4517 1327 4550 ,
1343 4486 1383 4540 ut

727 4561 848 4663 probet
857 4569 974 4666 potior
986 4592 1058 4644 esse
1072 4588 1212 4664 quartae
1227 4570 1384 4659 coniuga-

726 4665 829 4740 tionis
845 4713 857 4735 .
885 4667 959 4742 Hac
973 4691 1040 4761 ego
1052 4671 1097 4741 de
1110 4692 1212 4740 causa,
1224 4685 1381 4755 putarem

725 4773 862 4834 'versum
878 4764 1010 4839 Catulli
1024 4770 1057 4838 in
1070 4765 1201 4858 ¹nuptiis
1213 4764 1326 4845 Pelei,
1344 4784 1378 4837 et

723 4860 902 4943 ¹fethidos,
918 4862 1067 4935 Libetur
1079 4867 1376 4962 inruptaepotire·

721 4978 778 5039 tut
797 4957 887 5054 fluet
904 4981 1098 5047 nouercae,
1126 4968 1370 5057 corrigendum

1151 768 1268 850 ³DE
1328 771 1753 861 HYMNIS.

1469 1232 1515 1309 ira
1530 1260 1627 1320 esse,
1656 1236 1756 1310 Liber
1773 1251 1811 1308 ut
1838 1237 1920 1309 iura
1944 1255 1998 1311 tae
2029 1255 2126 1339 pote·

1464 1348 1558 1403 retur
1566 1332 1651 1422 flore
1666 1357 1884 1420 nouercae3ac
1901 1338 2002 1408 simili
2019 1342 2124 1411 modo

1464 1453 1601 1503 uersum
1615 1433 1734 1504 Ovidii
1751 1432 2128 1534 lib.13.Metarnorplr.,·

1470 1534 1585 1623 Tuque
1599 1530 1795 1609 reiceretis,
1811 1554 1870 1599 uos
1881 1547 1914 1602 te
1925 1535 2129 1629 potiremur,

1465 1627 1633 1709 Achille,
1654 1635 1764 1723 Tuque
1777 1630 1846 1697 tuis
1867 1634 1994 1714 armis,
2023 1657 2080 1706 uos
2096 1650 2128 1708 tt

1462 1738 1656 1822 poteremur
1670 1721 1835 1810 ,Achille
1851 1773 1861 1795 .
1875 1725 1966 1801 Nam
1983 1734 2131 1804 secunda

1472 1824 1600 1894 vocalis
1613 1823 1646 1895 in
1657 1826 1846 1923 potiremur
1860 1845 2003 1918 quartae
2016 1825 2131 1913 conju·

1471 1918 1615 2013 gationis
1641 1925 1744 1995 debet
1774 1943 1847 1991 esse
1862 1919 1965 2019 longa
1984 1972 1996 2006 ‚
2012 1929 2127 1998 brevia

1467 2036 1580 2090 autem
1600 2020 1633 2092 in
1643 2036 1863 2119 poteremur,
1884 2023 1939 2095 vel
1953 2038 2129 2118 poteretur

1464 2116 1586 2187 tertiae
1613 2116 1893 2213 conjugationis.
1925 2119 2014 2194 Aliis
2032 2145 2131 2214 quo·

1467 2236 1534 2306 que
1566 2219 1650 2289 hanc
1669 2214 1922 2290 correctionem
1960 2219 2128 2309 placuisse

1465 2311 1571 2382 novi.
1609 2314 1717 2411 Qsod
1751 2334 1837 2388 vero
1858 2314 1902 2385 cl.
1925 2317 2049 2389 Ribera
2064 2339 2129 2412 pro
2183 2393 2186 2398 ,

1464 2432 1544 2481 suae
1580 2413 1761 2503 prosodiae
1792 2411 2130 2487 defensione'Coele·

1465 2527 1652 2593 mannum,
1685 2505 1916 2595 Noitenium,
1946 2531 1980 2586 et
2013 2511 2129 2585 Amal·

1462 2611 1580 2679 theum
1614 2609 1839 2701 prosodicum
1877 2612 2031 2704 allegat,
2065 2633 2125 2682 eos

1460 2722 1618 2779 auctores
1653 2708 1737 2781 mihi
1769 2733 1834 2782 non
1852 2728 1949 2779 vacat
1966 2707 2124 2781 consule·
2168 2779 2174 2790 ,

1460 2824 1523 2883 re,
1550 2827 1660 2897 neque
1675 2805 1709 2875 in
1736 2811 1856 2892 uerbo,
1870 2807 2001 2902 potitur
2016 2807 2125 2882 credo

1459 2926 1529 2974 esse
1560 2925 1653 2973 meae
1684 2923 1861 2977 assertione
1904 2921 2126 2988 contrarios,

1458 3018 1493 3071 ct
1508 3000 1535 3071 si
1555 3000 1703 3073 marime
1722 3023 1831 3074 essent
1847 3050 1858 3084 ‚
1872 3000 2064 3074 nuliatenus
2079 3004 2124 3073 ab

1460 3098 1623 3191 opinione
1638 3098 1850 3173 discederem
1874 3148 1886 3182 ‚
1918 3124 2018 3193 quam
2049 3123 2124 3171 sus·

1459 3198 1566 3270 tinere
1598 3220 1706 3290 cogor
1724 3196 1922 3272 clarissimis
1953 3196 2121 3270 Prisciani

1458 3295 1571 3366 verbis
1586 3312 1760 3384 permotus
1775 3325 1784 3367 r
1799 3344 1824 3378 ‚,
1844 3298 1882 3369 iu
1902 3297 1994 3377 tier,
2011 3296 2121 3390 inquit

1455 3415 1602 3477 „unum
1639 3396 1815 3487 deponens
1851 3413 1922 3467 tarn
1965 3393 2111 3477 tertiae,

1454 3540 1479 3577 „
1492 3514 1591 3586 quarn
1608 3511 1748 3583 quartae
1763 3490 2013 3584 conjugationis
2026 3491 2127 3562 inve·

1455 3641 1479 3675 ,‚
1496 3595 1588 3662 nitur
1600 3589 1714 3685 potior
1731 3636 1756 3672 ‚,
1772 3590 1938 3661 Versibus
1955 3590 1996 3659 ab
2014 3610 2057 3658 eo
2066 3588 2103 3660 'ci
2110 3606 2122 3626 ·

1455 3688 1534 3761 tatis
1563 3686 1714 3769 Lucilii,
1733 3705 1768 3758 et
1779 3687 1935 3767 Naevii,
1954 3685 2051 3768 sive,
2078 3700 2119 3759 ut

1462 3786 1518 3860 alii
1537 3786 1718 3878 legendum
1733 3782 1990 3877 putant‚Laevii
2007 3786 2124 3865 adiun-

1459 3887 1492 3980 gi
1513 3900 1626 3975 potest
1649 3884 1737 3958 alins
1763 3883 1890 3958 Ouidii
1905 3884 1937 3956 in
1967 3882 2120 3978 Epistola

1453 3984 1591 4060 Hernici.
1609 3992 1887 4079 Hypermestrae
1904 4007 1918 4051 a.
1943 3979 2007 4051 lile
2018 3979 2120 4069 ferox

1452 4079 1541 4153 solus
1555 4080 1637 4151 solio
1648 4094 1841 4176 sceptroque
1850 4084 2009 4177 potitur,
2036 4087 2118 4153 curu

1449 4201 1524 4251 seue
1568 4201 1626 4249 uos
1667 4178 1761 4274 inopi
1800 4175 1908 4250 turba·
1941 4187 2124 4274 vagamur

1456 4280 1561 4372 ineps.
1576 4278 1696 4371 ltaque
1712 4276 1836 4358 iniuria
1851 4275 1980 4348 Ribera
1994 4280 2118 4367 proso&

1455 4377 1530 4449 diae
1549 4394 1725 4467 peccatum
1745 4373 1885 4474 hymnis
1900 4375 1971 4447 illis
1983 4376 2116 4457 duobus

1454 4472 1743 4555 obiicit,iniuria
1783 4472 1999 4551 adversarios
2035 4492 2115 4540 suos

1455 4571 1581 4644 acriter
1608 4574 1673 4646 hoc
1693 4571 1773 4646 loco
1788 4566 2005 4665 reprehendit
2022 4592 2032 4633 c
2050 4566 2114 4635 His

1456 4666 1636 4751 omnibus,
1664 4671 1741 4755 ait,
1761 4675 1912 4744 iduuure
1933 4664 2114 4734 admoneus,

1456 4769 1564 4850 dure,
1589 4784 1626 4839 ut
1645 4772 1746 4868 prius
1762 4763 1986 4841 dlebereat,
2010 4758 2114 4834 ..libris

1448 4889 1488 4937 se
1512 4865 1677 4963 perpetue
1689 4868 1833 4943 dedant,
1861 4874 1973 4929 noctes
1989 4862 2113 4930 ducaret

1443 4966 1632 5052 iussurum,
1663 4984 1766 5059 quem
1780 4957 1970 5055 descriptis
1986 4972 2114 5055 ‚atqu
