5084 6234
707 846 795 935 4u
1004 818 1715 913 ·aaavtautum

709 966 892 1082 spicuam
908 960 1078 1049 celebrat
1106 965 1284 1060 loannes
1313 968 1450 1052 Petrus
1467 962 1963 1081 Maffejuslib.1.cap.2o.
1982 965 2104 1057 Vtrae

710 1086 752 1167 S.
773 1080 948 1202 ignatii.
983 1082 1089 1165 Non·
1106 1081 1231 1171 silebo
1257 1111 1423 1183 tamen,
1456 1113 1517 1168 tne
1553 1084 1594 1167 in
1615 1084 1792 1170 editione
1829 1082 2100 1200 Lugdunensi

712 1201 1116 1312 anni155,2.in8.,
1145 1203 1208 1288 vel
1227 1203 1364 1319 potius
1405 1232 1469 1288 12.
1498 1232 1585 1289 non
1617 1204 1805 1318 reperisse
1837 1205 1958 1293 verba
1996 1203 2059 1287 illa
2080 1262 2100 1303 ,

709 1348 820 1431 quae
849 1347 899 1403 ex
920 1319 1101 1405 Simonio
1124 1315 1235 1408 affert
1259 1322 1512 1423 Zacharias,
1545 1321 1699 1435 quibus
1728 1321 1876 1409 scilicet
1892 1350 2061 1407 examen
2079 1383 2099 1421 ‚

700 1466 751 1526 ct
765 1437 957 1525 correctio
975 1443 1027 1528 ab
1044 1439 1160 1546 Oryo
1176 1440 1280 1526 facta
1301 1441 1488 1525 asseritur
1507 1503 1517 1525 .
1546 1440 1625 1527 Sed
1641 1471 1726 1524 non
1745 1468 1952 1557 propterea
1976 1470 2096 1558 nega·

686 1610 689 1614 ·
708 1558 792 1659 ba,
822 1586 867 1642 ea
886 1555 931 1640 in
947 1558 1023 1642 alia
1041 1557 1217 1645 editione
1235 1559 1422 1647 inveniri.
1441 1559 1713 1676 Waddingus
1728 1560 1770 1643 in
1788 1560 1972 1678 catalogo
1986 1559 2098 1646 Scri-

699 1706 889 1795 ptorum,
913 1703 953 1762 et
967 1676 1160 1764 Nicolaus
1187 1680 1399 1765 Antonius
1411 1678 1580 1796 allegant
1610 1705 1819 1767 auctorem
1835 1708 2095 1786 anonymum

707 1797 1005 1884 Conattltarionis
1019 1798 1065 1879 de
1080 1795 1186 1883 horis
1197 1796 1387 1884 canonicis
1399 1799 1558 1916 cap·.6.,
1589 1798 1707 1914 cujus
1725 1800 1823 1885 haec
1842 1798 1965 1885 verba
1987 1796 2050 1885 ref
2068 1847 2094 1876 -.

706 1944 768 2018 ro,
788 1915 1036 2035 Quignanius
1053 1916 1094 2002 in
1109 1947 1177 2003 suo
1194 1915 1378 2001 breviario
1389 1919 1511 2003 multa
1521 1918 1712 2033 praestitit
1726 1920 1855 2017 docte,
1870 1936 1908 2000 et
1916 1921 2094 2034 pruden·

706 2058 764 2122 ter
779 2095 790 2116 .
803 2092 840 2118 ·.
871 2038 1176 2152 Hunnorum,
1201 2056 1416 2152 ceterasque
1434 2035 1715 2123 lucubrationes
1731 2039 1921 2121 humanas
1939 2037 2096 2152 aliqua-

705 2175 819 2242 tenus
833 2152 1067 2271 expolierat,
1097 2185 1143 2239 ac
1161 2151 1256 2240 satis
1270 2151 1588 2264 latinasfecerac.
1614 2158 1728 2244 Haec
1741 2174 1872 2240 autem
1889 2154 2015 2241 omnia
2031 2155 2093 2242 ita

705 2294 974 2390 coaptaverat,
1006 2300 1051 2358 ur
1078 2273 1180 2357 istud
1188 2271 1385 2382 officium,
1417 2274 1505 2361 licet
1520 2275 1725 2376 uniuersa,
1755 2305 1852 2390 quae
1882 2273 2094 2360 necessaria

703 2411 795 2482 sunt
813 2411 957 2508 ,atqua
968 2392 1080 2477 etiam
1098 2391 1293 2509 amplius,
1323 2422 1438 2509 quam
1455 2393 1577 2496 illud,
1594 2423 1667 2509 quo
1685 2425 1792 2478 nunc
1806 2393 1949 2478 utimur
1967 2453 1980 2494 ‚
1996 2420 2095 2478 con-

702 2512 870 2612 tineret,
899 2514 1017 2597 multo
1032 2542 1160 2597 ramea
1177 2510 1349 2612 brevius,
1363 2532 1479 2626 atquc
1495 2512 1796 2630 compendiosius
1811 2539 1910 2598 esser
1921 2575 1932 2596 .
1945 2569 1980 2593 ·.
2002 2515 2092 2600 Nee

701 2634 841 2732 uideo,
865 2661 989 2745 quare
1001 2631 1135 2718 deinde
1146 2627 1377 2747 prohibitam
1387 2628 1539 2745 fierit,
1566 2629 1641 2717 nisi
1645 2627 1747 2743 forte
1762 2632 1868 2747 quod
1881 2661 1926 2717 ea
1947 2692 1961 2734 ,
1989 2660 2092 2747 quae

700 2776 791 2838 tunt
806 2749 946 2863 optima
963 2813 976 2849 ,
986 2768 1145 2867 propter
1154 2750 1251 2833 leves
1266 2812 1280 2850 ‚
1307 2780 1355 2835 ac
1368 2750 1509 2836 nullius
1518 2783 1617 2869 pene
1632 2749 1814 2837 momenti
1826 2779 1964 2835 causas
1990 2752 2091 2835 mul·

703 2870 753 2956 ris
779 2868 888 2953 haud
908 2898 994 2953 rara
1011 2867 1244 2982 displicent,
1273 2867 1389 2954 veluti
1403 2867 1509 2954 istud
1519 2870 1713 2979 officium,
1746 2869 1848 2979 quad
1861 2868 1988 2984 siquid
2015 2898 2092 2987 ego

688 2986 854 3105 haalim,
885 2985 1003 3076 nullis
1012 2988 1101 3075 aliis
1111 2986 1318 3073 rationibus
1342 2988 1481 3075 aboleri
1490 2987 1649 3106 potuit,
1676 2984 1752 3072 nisi
1769 2986 1830 3070 vel
1851 3016 1982 3075 autore
1997 3017 2094 3105 pro·

700 3102 866 3194 dictitatis
972 3108 1034 3195 vel
1063 3104 1151 3195 odio
1174 3108 1394 3193 commodae
1422 3105 1622 3195 breuitatis
1635 3170 1646 3193 .
1659 3166 1697 3191 ..
1728 3104 1791 3192 uel
1804 3134 1977 3223 respectu
1995 3138 2093 3193 can·-
2223 3135 2226 3140 ’

698 3252 765 3311 tus
862 3230 921 3312 uel
929 3212 1141 3343 praetextu
1155 3224 1399 3342 antiquitatis
1417 3289 1428 3311 .
1462 3226 1706 3315 Dissertatio
1722 3227 1822 3310 haec
1840 3288 1854 3327 ‚
1874 3226 1958 3317 sive
1976 3224 2092 3312 Con.

696 3343 861 3434 saltatio
878 3347 925 3429 de
939 3342 1189 3457 reformandi
1202 3343 1305 3430 horis
1320 3346 1515 3432 romaicis
1533 3345 1608 3447 ,ac
1621 3346 1693 3431 rite
1708 3344 1985 3442 constituendis
2001 3346 2086 3433 Ec-
2170 3363 2173 3367 ’

696 3462 987 3551 clesiasticarum
1004 3461 1222 3551 muneribus
1236 3490 1386 3551 excusa
1404 3490 1462 3552 est
1474 3457 1592 3552 ¹anno
1612 3463 1736 3581 1643.
1771 3463 1814 3547 in
1834 3464 1876 3547 8.
1905 3464 1990 3550 sine
2008 3492 2089 3548 au-

697 3580 845 3685 ctoris,
876 3609 915 3671 et
943 3582 1056 3674 urbis
1091 3582 1255 3668 nomine
1273 3617 1284 3668 ε
1302 3581 1453 3670 iterum
1479 3582 1679 3703 prodiisse
1707 3582 1964 3673 emendatam
1981 3580 2090 3699 legi,

694 3702 766 3789 sed
781 3702 889 3792 hanc
908 3702 1133 3792 secundam
1164 3700 1386 3790 editionem
1407 3733 1493 3790 non
1508 3702 1595 3794 vidi
1618 3702 1935 3819 ‚Waddinguu
1950 3729 1990 3789 et
2004 3700 2093 3786 Ni-

694 3821 836 3912 colam
850 3821 1064 3911 Antonius
1077 3852 1233 3911 nonten
1245 3823 1422 3912 auctoris
1438 3849 1601 3924 tacent,
1635 3826 1717 3911 sive
1752 3821 2094 3939 illud-ignorave-

695 3940 809 4044 rint,
838 3942 924 4029 sive
941 3942 1030 4060 eius
1048 3942 1281 4031 auctoritati
1309 3971 1457 4060 parum
1474 3941 1617 4031 confisi
1648 3940 1834 4028 luerint.
1871 3937 2092 4029 Nicolaius

694 4054 1002 4149 Dominicanus
1019 4062 1062 4147 in
1079 4060 1358 4149 Dissertaa'one
1370 4093 1473 4150 antro
1495 4060 1620 4177 1667.
1652 4061 1752 4147 edita
1775 4058 1978 4173 deltjunii
1993 4058 2094 4144 chri·-

690 4176 814 4264 ttiani
824 4240 845 4279 ,-
867 4210 905 4264 cr
925 4179 1154 4269 christianae
1172 4180 1205 4268 C
1203 4181 1436 4270 ontinautiae
1452 4211 1539 4270 vero
1555 4244 1569 4283 ,
1603 4184 1701 4269 acle
1732 4178 1847 4269 itimo
1866 4178 1944 4265 ritu
1958 4174 2086 4264 Con-

691 4293 952 4388 sultationetn
970 4298 1159 4417 Launojo
1180 4300 1367 4420 affingit,
1397 4303 1468 4391 cui
1482 4301 1676 4389 adhaeret
1731 4298 1914 4416 atalogus
1928 4296 2089 4387 Biblio-

693 4416 835 4507 thecae
867 4418 1117 4509 Batbetinae
1146 4481 1159 4505 .
1202 4422 1282 4507 Sed
1313 4447 1570 4540 compertum
1594 4446 1653 4509 est
1675 4480 1690 4525 ,
1714 4445 1928 4507 auctorem
1958 4415 2115 4505 fuisse·

692 4532 924 4628 Claudiurn
953 4540 1118 4654 lolyurn
1149 4539 1349 4629 Ecclesiae
1378 4539 1609 4628 Parisiensis
1641 4536 1901 4639 Cantorem·‚
1928 4561 1967 4624 et
1992 4534 2090 4622 Ca.-

694 4656 925 4764 nonicum,
951 4689 997 4749 ae
1012 4658 1194 4778 launoii
1209 4658 1485 4779 discipulum.
1517 4659 1716 4748 Eruditus
1735 4657 2009 4745 Bibliothecae
2025 4654 2088 4739 ri·

693 4770 813 4863 tualia
829 4779 1035 4870 confector
1070 4805 1144 4870 aut
1160 4778 1215 4866 ad
1232 4778 1756 4870 auctoratusoasultationis
1788 4773 1957 4894 abach
1974 4798 2092 4858 cana-

691 4888 824 4991 nlclss
854 4900 996 5006 autad
1015 4901 1219 4989 rationem
1241 4923 1470 5021 temporum
1504 4931 1591 4989 non
1607 4897 1808 4997 attendit,
1839 4913 2091 5005 cumcuma„-

689 5008 733 5099 ia
748 5014 936 5138 supplem.
945 5046 1150 5150 pagata.
1164 5019 1321 5141 scripsit
1335 5080 1352 5127 ,
1366 5022 1583 5145 pou-hanc
1597 5013 1939 5113 cantffltttbssffi
1952 5071 1972 5119 r
1984 5007 2096 5133 ill³8⁴

1304 5365 1320 5409 Χ
