5084 6234
573 835 635 941 52
956 817 959 824 “
999 803 1106 893 DE
1168 812 1209 896 H
1240 812 1271 895 Y
1302 807 1351 896 Μ
1382 807 1426 894 Ν
1455 809 1531 896 ts

577 949 686 1041 rium
700 947 868 1049 Librum
884 946 952 1064 (a)
973 952 1237 1062 Hymnorum
1267 945 1494 1062 scripsisse;
1526 972 1566 1034 et
1593 946 1635 1033 in
1653 944 1887 1059 Prnefittiane
1917 949 1960 1039 in

576 1069 662 1161 tit.
688 1099 729 1156 a·
747 1093 992 1155 commentar.
1008 1070 1060 1153 sd
1075 1069 1200 1154 Galat.
1220 1066 1278 1152 ait
1293 1127 1307 1164 ,
1324 1064 1480 1179 quod„
1510 1064 1686 1151 Hilarius
1720 1065 1868 1154 latinae
1885 1069 1963 1155 elo·

576 1246 608 1294 „
640 1184 846 1305 quentiae*
868 1186 1081 1273 rhodanus
1102 1184 1241 1271 Gallus
1257 1183 1399 1299 ipse,et
1418 1182 1590 1273 Pictavis
1605 1182 1764 1302 genitus
1779 1190 1820 1272 ln
1833 1192 1961 1307 Hym-

577 1369 606 1415 ,‚
635 1306 771 1395 norum
790 1301 957 1393 carmine
973 1304 1111 1389 Gallos
1129 1301 1323 1391 indociles
1339 1328 1505 1405 vocat„
1521 1367 1532 1388 .

637 1428 709 1543 63.
743 1422 941 1539 Georgius
958 1422 1191 1511 Cassander
1206 1485 1220 1524 ,
1235 1447 1275 1509 et
1292 1420 1492 1537 Georgius
1511 1422 1718 1510 Fabricius
1741 1423 1960 1514 nonnullos

576 1548 617 1633 8.
633 1542 776 1633 Hilarii
794 1548 981 1657 Hymnos
998 1540 1216 1628 ediderunt
1235 1603 1245 1625 .
1263 1540 1319 1625 Hi
1330 1567 1428 1630 vero
1442 1566 1564 1627 sunt:
1588 1544 1825 1653 Hymnus:
1842 1546 1960 1633 Beato

575 1664 683 1752 nabis
694 1662 843 1785 gaudio
860 1724 876 1764 ,
899 1668 1091 1777 Hymnus
1120 1694 1149 1739 ε
1159 1663 1250 1757 Jesu
1266 1659 1611 1778 Quodrogennriae
1624 1706 1648 1726 ·
1664 1658 1831 1746 Dicator
1844 1665 1965 1750 obsti·-

576 1784 764 1884 aeneiae,
793 1784 1030 1896 Hymnus:
1053 1783 1165 1878 lesus
1182 1774 1332 1889 refulsit
1363 1778 1563 1864 omnium.
1589 1776 1796 1865 (31.th
1825 1782 1963 1869 Maria

576 1901 817 1991 Giovinazzi
844 1899 1176 1988 commentarium
1204 1897 1405 2011 parabat,
1429 1927 1513 2011 quo
1546 1898 1800 2000 ostenderet,
1831 1901 1965 2013 Hym-

575 2049 679 2105 num
699 2049 721 2104 a
741 2019 977 2107 Cassandro
994 2019 1081 2104 sine
1102 2014 1280 2103 auctoris
1302 2013 1466 2099 nomine
1499 2015 1684 2118 editum,
1715 2017 1789 2130 qui
1821 2016 1963 2135 incipit

575 2139 772 2254 Hymnum
805 2138 908 2225 dicor
937 2139 1045 2223 turba
1065 2132 1266 2244 fratrum,
1293 2134 1338 2218 S·
1355 2129 1510 2218 Hilario
1543 2134 1867 2249 adjudicandum
1899 2166 1963 2225 es-

575 2284 616 2341 se
632 2320 646 2356 ,
662 2255 730 2371 (b)
745 2283 792 2344 ut
809 2281 947 2342 narrat
958 2253 1188 2341 Zacharias
1205 2253 1247 2336 in
1265 2233 1511 2338 Bibliotheca
1525 2251 1674 2337 Rimali
1690 2252 1763 2368 (1)
1783 2316 1794 2338 .
1812 2256 1856 2341 In
1875 2255 1964 2339 edi-

576 2371 688 2458 tione
714 2403 884 2489 operum
900 2376 940 2459 S.
957 2371 1103 2457 Hilarii
1123 2368 1351 2457 Veronensi
1369 2369 1469 2453 anni
1489 2398 1611 2484 1730·
1629 2369 1704 2455 col.
1718 2399 1814 2487 529.
1833 2372 1965 2459 solum

576 2486 719 2605 legitur
736 2493 918 2604 hymnus
941 2494 980 2575 S.
1000 2487 1143 2573 Hilarii
1166 2487 1269 2572 filiae
1301 2516 1398 2573 suae
1415 2485 1551 2573 Abrae
1567 2489 1737 2589 missus,
1755 2491 1828 2603 qui
1860 2490 1965 2578 inci-

490 2605 494 2610 ’
569 2607 638 2721 pit
655 2641 683 2684 =
698 2609 812 2693 Locis
833 2609 993 2724 largitor
1007 2603 1307 2720 splendidae,ac
1329 2603 1448 2690 laude
1469 2603 1679 2692 Trinitatis
1697 2607 1965 2709 terminatur,

576 2723 708 2814 Gloria
725 2723 795 2811 tibi
814 2725 980 2814 Domine
996 2757 1011 2834 3
1029 2751 1196 2811 necnon
1223 2725 1498 2844 fragmentum
1522 2724 1683 2813 alterius
1697 2725 1843 2840 hymni
1860 2790 1875 2831 ,
1894 2755 1965 2827 cuf

626 3034 679 3126 (a)
706 3028 864 3106 Donatus
877 3027 993 3108 Macra
1020 3032 1244 3131 Augustinia·
1294 3027 1561 3133 Hispano.Nihil
1576 3050 1750 3128 praeterea
1765 3028 1857 3105 aliud
1876 3027 1981 3105 noui,

436 3120 440 3129 ’
522 3203 524 3207 ,
576 3131 1245 3229 nus‚quiuulgavltahno1578.e'nar·
1294 3139 1338 3210 de
1366 3134 1474 3208 hocce
1502 3128 1661 3229 prudenti
1690 3135 1767 3204 viro
1797 3128 1962 3215 Hilario}

574 3226 723 3298 rationes
742 3226 775 3299 ia
794 3230 954 3322 Hymnus
972 3233 1141 3306 Breviarii
1173 3237 1243 3308 Ro·
1292 3260 1394 3328 quem
1416 3252 1493 3327 post
1511 3232 1752 3310 prudentium,
1767 3229 1964 3313 sedulium,-

574 3323 665 3418 mani
678 3365 691 3406 ,
719 3325 752 3396 8.
781 3327 966 3420 Augustini
994 3377 1005 3409 ,
1034 3323 1240 3415 Benedicti,
1292 3334 1328 3406 8.
1343 3330 1593 3410 Ambrosium,
1618 3332 1653 3400 8.
1671 3327 1884 3420 Gregorium
1904 3326 1961 3398 vi·

574 3420 782 3504 Dominici,
810 3422 979 3498 Francisci
995 3474 1011 3518 ,ι
1031 3445 1066 3497 et
1092 3430 1241 3501 Carme·
1292 3433 1380 3505 xiste
1402 3432 1491 3502 Lora
1505 3426 1657 3500 declarat
1674 3478 1686 3501 .

483 3528 487 3533 “
573 3516 743 3601 literam,
783 3522 953 3593 traditis
996 3521 1240 3610 Praefatione,
1340 3526 1393 3621 (b)
1419 3519 1963 3618 FavetcerteluvenatioHincp

573 3613 610 3686 8.
627 3614 824 3697 Hilarium,
853 3630 895 3690 eit
923 3617 1050 3691 multis
1070 3617 1240 3717 Hymais,
1294 3649 1405 3699 marus
1424 3623 1523 3695 Libro
1543 3624 1582 3694 de
1596 3646 1661 3695 nort
1682 3623 1782 3692 Trissa
1798 3621 1960 3705 Deitate,

563 3731 656 3809 ,quos
680 3711 744 3784 clii
772 3728 1054 3815 composuerunt,
1089 3722 1241 3794 utiliores
1291 3727 1350 3819 qui
1381 3718 1524 3796 affirmat
1549 3721 1584 3792 8.
1611 3714 1739 3793 Hilarii
1767 3741 1838 3791 esse
1869 3719 1959 3791 hune

572 3808 739 3906 elegisse,
773 3815 853 3887 etis
882 3814 1031 3888 Ecclesia
1057 3822 1238 3895 cassantes
1288 3842 1451 3895 versums
1483 3825 1526 3891 ts
1540 3819 1641 3905 refert
1654 3815 1849 3910 fragmenta
1878 3835 1956 3885 coe·

569 3910 807 4081 {reposuissn
833 3913 941 3984 Penes
968 3937 1045 3986 eum
1060 3918 1103 3988 sit
1131 3921 1237 3991 fides.
1288 3943 1351 3992 uce
1364 3936 1414 3991 ter
1427 3920 1600 4016 quaternis
1616 3914 1771 3989 corbibus
1786 3962 1797 3983 .
1815 3912 1882 3984 Hic
1899 3936 1963 3986 au·

571 4061 574 4066 .
606 3998 752 4078 ibentius
771 4009 933 4080 assentiar
949 4011 1005 4081 Fr.
1019 4012 1141 4095 loanni
1155 4017 1240 4087 Pau·
1291 4034 1359 4090 tem
1389 4041 1507 4089 versus
1537 4031 1668 4108 spectat
1694 4015 1735 4084 ad
1751 4012 1961 4106 Hymnum,

572 4099 611 4177 lo
625 4090 839 4188 Palanterio,
855 4095 1017 4181 Civitatis
1034 4103 1240 4205 Aquiloniae
1289 4118 1387 4199 cuius
1404 4131 1455 4186 est
1486 4114 1621 4187 initium
1641 4141 1650 4182 e
1683 4120 1852 4204 Hymnum
1868 4112 1962 4184 dicat

573 4201 748 4294 Episcopo
772 4202 902 4274 illustr.
922 4206 956 4277 ist
971 4209 1119 4303 Hymnus
1133 4210 1241 4283 Eccle·
1292 4208 1390 4284 turba
1401 4213 1575 4300 hotrum·
1606 4207 1672 4282 Ubi
1689 4206 1882 4281 Cassander
1897 4234 1963 4285 ma·

573 4298 734 4371 siasticos
751 4303 930 4398 Explicatur.
946 4308 1114 4378 Bononiae
1132 4316 1238 4406 1604.
1291 4310 1323 4382 le
1340 4312 1422 4405 legit
1438 4340 1447 4380 e
1462 4316 1506 4382 tt
1519 4308 1623 4396 refert
1635 4311 1664 4378 is
1672 4306 1866 4402 fragmenta
1882 4318 1958 4379 coe·

569 4391 662 4513 Μ
679 4399 714 4469 ist
730 4397 946 4488 &calatinus
963 4427 973 4473 s
997 4452 1023 4488 „
1039 4404 1239 4479 Prudentis·
1289 4429 1377 4482 stae.
1409 4407 1621 4481 benedictini
1639 4406 1796 4479 Editores
1813 4428 1956 4497 operum

575 4517 742 4582 „simum
771 4501 952 4593 quemdam
967 4502 1082 4575 virum
1101 4504 1238 4577 nomine
1289 4506 1478 4583 &Hilarii
1521 4504 1753 4603 negligentiae
1791 4502 1956 4596 arguendi

573 4588 781 4682 „Hilarium
791 4598 987 4693 sequensei
996 4602 1238 4696 compendiose
1289 4624 1394 4688 sunt,
1424 4605 1519 4699 quod
1535 4602 1697 4702 Hymnus
1722 4603 1755 4672 8.
1770 4599 1894 4672 Hilarii
1914 4624 1958 4675 ex

573 4695 778 4789 „Hymnos
798 4698 999 4782 videntium
1027 4701 1237 4794 compositos
1288 4695 1955 4797 legitimismonumentiscolligereomi·

574 4840 603 4880 „
618 4792 650 4863 its
672 4817 778 4865 unum
792 4795 935 4892 collegit
948 4845 959 4868 .
972 4847 997 4882 „
1022 4800 1146 4873 Eadem
1163 4800 1235 4871 fere
1286 4799 1391 4875 serint
1409 4843 1420 4874 s

551 4899 553 4909 '
578 4905 730 4984 renuam
742 4915 833 4965 uum
851 4891 982 4992 146.irs
997 4914 1067 4971 not
1094 4922 1135 4971 ex
1150 4896 1236 4970 anti·
1336 4911 1389 4993 (r)
1418 4901 1494 4977 Lib.
1511 4926 1544 4977 s.
1558 4923 1634 4996 cap·
1650 4919 1683 4978 a·
1699 4910 1765 4971 art.
1780 4917 1814 4971 a.
1827 4894 1872 4970 ad
1888 4914 1951 4968 aa·

576 4985 694 5089 gulosi
719 5007 860 5075 metare
884 5042 899 5087 ,
920 4989 1050 5090 ltcobo
1076 4996 1120 5089 ds
1143 4995 1236 5080 tots
1284 5023 1368 5099 num
1383 5019 1468 5105 354·
1494 5050 1498 5062 -
