5084 6234
585 802 650 895 a4
825 800 835 815 ·
1014 767 1541 860 nunnnnw

582 909 695 1003 rium
710 909 1008 1028 contigit'anno
1030 908 1124 1021 165.
1142 910 1233 1025 (a).
1252 913 1287 997 ls
1302 938 1398 1028 ergo
1413 912 1455 997 in
1474 908 1966 997 orationemementote».

583 1034 697 1123 Pium
719 1030 773 1116 ita
807 1031 863 1116 ait
878 1058 937 1132 „a
964 1027 1276 1141 Rationalesque
1302 1060 1498 1149 pompas,
1531 1055 1569 1116 et
1598 1031 1773 1142 hymnos
1802 1030 1970 1119 celebra·

586 1184 709 1251 mnis,
736 1177 855 1263 atque
873 1150 1181 1251 decantamus„
1202 1213 1213 1234 .
1244 1150 1298 1236 Et
1321 1150 1413 1237 alibi
1434 1151 1508 1265 (1)
1532 1175 1699 1236 cantum
1723 1148 1969 1236 Ecclesiasti-

590 1303 685 1361 cum
701 1269 954 1355 moderatum
973 1268 1118 1355 laudat
1133 1331 1161 1370 „
1181 1330 1192 1353 .
1214 1271 1262 1353 ln
1296 1267 1477 1355 Ecclesiis
1504 1299 1590 1353 non
1615 1299 1715 1353 usus
1744 1270 1971 1370 carminum

582 1452 616 1504 „
647 1419 717 1508 per
733 1385 819 1504 ejus
833 1389 989 1503 generis
1007 1388 1329 1489 immurmurant
1346 1388 1420 1474 alia
1435 1386 1725 1505 insipientibus
1741 1415 1974 1497 congruen-

580 1571 615 1624 ‚‚
646 1509 700 1596 tia
723 1533 1000 1620 receptusest,
1026 1505 1098 1596 sed
1114 1507 1279 1627 simplex
1310 1509 1446 1596 cantio
1464 1508 1508 1594 in
1542 1507 1597 1592 eis
1614 1532 1780 1592 manet,
1813 1506 1969 1598 Excitat

578 1690 613 1736 i„
644 1630 743 1714 haec
761 1625 899 1711 cantio
914 1657 1010 1714 cum
1025 1626 1230 1746 voluptate
1258 1629 1441 1737 quadam
1460 1626 1696 1726 animum,
1726 1650 1765 1708 et
1794 1623 1970 1740 flagrans

580 1809 613 1853 ,‚
644 1746 699 1831 ad
714 1744 815 1860 ejus,
833 1749 949 1857 quod
966 1746 1140 1833 carmine
1155 1748 1377 1838 celebratur
1394 1812 1410 1850 ,
1426 1746 1668 1834 desiderium
1678 1802 1730 1846 ,‚·
1749 1743 1869 1857 Quid
1887 1746 1973 1859 plu.

582 1863 903 1979 ta‘iHymnum
919 1868 962 1951 in
994 1864 1074 1951 Dei
1104 1864 1267 1953 laudem
1288 1897 1338 1953 ex
1371 1868 1539 1957 oraculo
1558 1866 1691 1953 nescio
1721 1892 1809 1974 quo
1835 1890 1972 1952 extor-

580 2008 672 2073 tum
690 2013 860 2073 servasse
878 1985 1098 2101 plurimos,
1115 2014 1307 2074 memorat
1329 1984 1434 2072 idem
1446 1984 1631 2084 lustinus
1643 1984 1711 2099 (b)
1729 2042 1743 2077 ‚

641 2130 712 2217 41·
749 2105 874 2220 Prope
907 2102 1029 2206 finem
1048 2101 1172 2219 hujus
1203 2102 1357 2204 seculi,
1377 2105 1569 2190 nimirum
1597 2106 1675 2190 sub
1708 2101 1903 2202 Victore,
1930 2124 1970 2190 et

579 2221 809 2342 Zephirino
830 2221 1121 2327 Pontificibus,
1145 2223 1308 2334 vivebat
1323 2224 1507 2324 Auctor,
1539 2252 1589 2308 ex
1605 2249 1692 2331 quo
1717 2220 1763 2303 id
1777 2217 1970 2336 excerpsit

578 2337 780 2430 Eusebius
796 2339 868 2456 (2)
881 2377 936 2443 „2
969 2340 1110 2428 Psalmi
1146 2373 1350 2457 quoquc,
1384 2369 1423 2429 et
1455 2340 1613 2429 cantica
1639 2342 1771 2455 (odae
1801 2367 1970 2449 graece,

577 2519 608 2564 „
641 2489 748 2572 quae
768 2459 947 2546 carmina
964 2486 1113 2547 sonant
1130 2459 1338 2573 >fratrum
1347 2460 1434 2574 jorn
1448 2461 1596 2577 pridem
1618 2492 1641 2544 a
1659 2457 1846 2544 fidelibus
1867 2485 1970 2542 con-

575 2640 608 2682 „
639 2578 785 2693 scripta
803 2575 1017 2663 Christum
1033 2580 1217 2665 Verbum
1248 2580 1325 2664 Dei
1357 2579 1675 2677 concelebrant,
1712 2574 1969 2661 divinitatem

574 2755 612 2806 ,‚
644 2695 680 2781 ci
700 2693 918 2786 tribuendo
934 2752 966 2799 „
982 2756 993 2781 .
1009 2693 1075 2812 (e)
1090 2696 1222 2811 Quod
1238 2728 1325 2786 non
1345 2696 1421 2785 uisi
1438 2697 1486 2782 de
1506 2696 1625 2786 novis
1646 2694 1810 2805 hymnis
1827 2691 1966 2812 metri7

632 2914 682 3002 (a)
708 2912 743 2982 S.
762 2909 885 2997 luscini
915 2912 1018 2983 Liber
1050 2911 1234 3005 inscriptus
1291 2917 1462 2988 novimus.
1476 2914 1571 2985 Idem
1589 2913 1690 3001 paulo
1704 2931 1780 2983 ante
1796 2939 1805 2979 ε
1820 2956 1847 2989 „
1874 2909 1965 2979 Cre·

578 3010 708 3083 Psaltes
735 3007 936 3080 intercidite
969 3008 1145 3103 ignoratur
1161 3013 1232 3092 elus
1292 3063 1318 3098 ‚,
1344 3014 1416 3103 dite
1434 3012 1586 3112 Sybillae
1604 3008 1857 3102 antiquissimae
1877 3054 1889 3088 ,
1907 3029 1967 3077 cu·

579 3127 833 3203 argumentum,
847 3111 904 3180 sed
918 3108 1059 3180 fortasse
1073 3112 1232 3205 hymnos,
1293 3161 1319 3197 ‚,
1342 3115 1394 3193 jus
1416 3108 1495 3180 libri
1527 3132 1589 3199 per
1608 3127 1719 3180 toton.
1751 3108 1871 3179 orbem
1894 3126 1974 3177 ser.

576 3226 636 3282 aut
652 3205 737 3299 quid
751 3206 862 3279 simile
880 3207 1100 3281 continebat.
1294 3260 1319 3293 ‚‚
1346 3225 1471 3280 vantur
1489 3208 1607 3280 afflatu
1633 3207 1754 3279 divino
1780 3203 1906 3296 proditi
1920 3249 1973 3286 „0

627 3315 681 3397 (1)
710 3305 859 3401 Quaest.
882 3326 963 3398 107.
1296 3311 1405 3382 Erant·
1423 3305 1514 3381 enim
1535 3306 1709 3400 magnoin
1731 3311 1863 3379 honore
1879 3303 1971 3375 aoud

625 3401 678 3497 (b)
704 3404 742 3474 ln
758 3403 996 3476 cohortatione
1023 3404 1064 3476 ael
1079 3403 1231 3480 Graecos
1293 3405 1408 3498 plures
1423 3424 1556 3480 veteres
1578 3404 1799 3477 Christianos
1828 3397 1972 3501 sybilli-

576 3503 639 3574 sub
658 3504 758 3574 finem
776 3528 786 3572 e
802 3550 827 3583 „
846 3502 879 3571 Si
909 3526 975 3595 qua
999 3521 1113 3573 autern
1133 3500 1231 3574 vobis
1290 3530 1333 3576 na
1364 3501 1540 3584 carmina,
1570 3526 1612 3574 ex
1628 3526 1699 3597 quo
1717 3499 1893 3595 sybillitte
1907 3519 1969 3566 vo·

577 3598 785 3690 „obstrepit
813 3597 1021 3683 dubitatio,
1047 3601 1229 3694 quominus
1291 3605 1470 3684 cibantur,
1484 3620 1572 3674 teste
1591 3602 1750 3696 Origene
1776 3594 1872 3682 tras.
1891 3616 1969 3668 con·

319 3690 328 3702 ’
451 3784 452 3787 ¹
577 3744 604 3781 „
620 3697 723 3769 fldem
738 3697 884 3770 hominis
896 3697 1059 3771 creationi
1073 3700 1230 3771 adhibea
1290 3715 1344 3772 tra
1360 3701 1492 3772 celsum
1503 3696 1730 3798 propefiren
1747 3713 1970 3791 tom.2.opee.

575 3842 603 3879 ,‚
629 3793 709 3878 tis,
736 3795 776 3868 iis
804 3797 972 3879 credite,
1001 3822 1087 3893 quos
1113 3802 1224 3878 adhuc
1282 3801 1374 3872 edit.
1400 3800 1512 3869 Paris.
1548 3808 1654 3886 ¹619·
1674 3846 1699 3881 „
1735 3795 1833 3869 Facit
1864 3794 1969 3865 etiam

577 3944 602 3982 „
629 3894 814 3967 audiendos
829 3895 1004 3991 putatis,et
1019 3898 1144 3971 scitote
1157 3920 1229 3969 ora·
1289 3900 1344 3991 „(
1362 3898 1501 3981 Celsus)
1519 3896 1730 3971 mentionem
1749 3893 1861 3967 nescio
1879 3914 1969 3983 quo·

574 4042 602 4079 ‚,
628 3989 744 4066 culum
758 4011 909 4068 vestrum
924 4042 935 4076 ,
950 4018 1028 4067 cum
1044 4021 1062 4065 a
1077 3998 1225 4092 quodam
1287 4047 1313 4084 „
1328 4021 1403 4072 rum
1420 3995 1693 4093 Sybillistarum,
1708 3996 1849 4068 fortasse
1870 3988 1966 4083 quod

575 4140 602 4177 ,‚
631 4108 789 4185 rogatum
820 4108 989 4174 esset›,ut
1007 4096 1174 4186 hymnum
1191 4093 1225 4163 in
1285 4147 1311 4184 ‚,
1337 4094 1522 4179 audierat,
1548 4122 1566 4167 a
1593 4095 1800 4188 quibusdam
1834 4088 1967 4181 impro-

573 4188 742 4274 „Deum
767 4190 1050 4282 omnipotentem
1078 4195 1224 4273 ederet,
1285 4245 1311 4279 „
1337 4195 1505 4275 barlens,
1532 4190 1772 4290 quiSybillam
1804 4189 1968 4276 Prophe·

569 4336 601 4373 ¹„
626 4286 674 4356 sic
708 4286 741 4356 in
773 4288 887 4359 medio
912 4292 1045 4383 hymno
1077 4291 1224 4362 dixisse:
1286 4292 1444 4377 „tidem
1490 4291 1723 4370 existimant,
1777 4287 1962 4383 notarique

543 4419 600 4471 ·,‚
626 4383 701 4475 Qui
722 4386 872 4482 primum
896 4387 1078 4457 Mortalem
1106 4388 1228 4459 Homi-
1284 4441 1311 4476 „
1337 4390 1593 4486 Sybillistarum
1617 4389 1811 4472 nomine„
1841 4435 1853 4459 .

575 4528 603 4569 ,,
626 4506 699 4556 aem
729 4483 855 4577 effinxit
870 4484 1093 4582 ‚uiamque
1120 4507 1227 4558 voce·
1335 4496 1391 4580 (a)
1418 4488 1495 4557 Lib.
1511 4506 1545 4574 ς.
1567 4512 1642 4578 cap.
1658 4488 1718 4559 28.

573 4629 601 4668 ss
624 4582 679 4657 vit
702 4631 713 4656 .
738 4587 855 4681 Atque
882 4586 973 4659 hunc
1007 4589 1174 4681 hymnum
1205 4610 1226 4657 a
1337 4594 1385 4679 (e)
1414 4586 1554 4659 Photiua
1587 4602 1661 4683 cap.
1683 4585 1744 4683 48.
1763 4588 1852 4655 hunc
1868 4574 1961 4650 Seri·

569 4729 601 4768 4,,
627 4678 744 4754 multis
773 4732 785 4765 ‚
811 4708 897 4777 quos
928 4684 1086 4759 novimus
1118 4706 1229 4768 ,ser·
1287 4704 1426 4779 prorem
1443 4706 1545 4760 vocar
1560 4688 1688 4770 Gaium
1701 4681 1962 4773 Presbyterum,
2036 4739 2038 4744 -

575 4826 601 4866 „
624 4777 699 4852 vari
727 4782 890 4875 contingit
917 4830 943 4866 „
972 4831 983 4854 .
1009 4785 1049 4855 ln
1081 4786 1225 4877 quadam
1294 4784 1519 4877 Nicephorus
1536 4785 1737 4881 lib.4.·eap.
1754 4800 1813 4851 ar.
1832 4782 1966 4847 Aucto·

570 4878 683 4951 veteri
698 4879 846 4951 editione
861 4880 946 4955 male
975 4883 1156 4956 redditur:
1186 4891 1229 4954 A
1295 4907 1367 4958 rem
1403 4885 1560 4979 ignotum
1588 4906 1660 4955 esse
1688 4896 1805 4971 putat,
1835 4876 1964 4947 librum

568 4977 969 5076 multiscvtttrieproa
990 4980 1106 5055 annu
1118 5028 1132 5065 ,
1144 5004 1231 5083 qnos
1298 4984 1458 5083 appellat
1495 4995 1646 5063 Parvum
1675 4974 1966 5076 camaranum,

2108 1260 2127 1298 N
