5084 6234
874 832 1718 983 Qntorson'rnntrsa.
1868 896 1956 991 aas

567 1042 659 1111 non
675 1013 938 1217 vuqaverat.
972 1005 1111 1120 Restat
1126 1029 1223 1123 ergo
1240 1027 1318 1109 ,nr
1334 1004 1652 1110 concludamus,
1669 1001 1958 1101 caracetulum

572 1146 616 1230 in
637 1161 738 1225 anae
771 1129 994 1216 ronismum
1021 1118 1244 1228 incidisse,
1276 1120 1495 1240 falsamque
1523 1152 1689 1213 causam
1707 1123 1956 1233 reddidisse,

568 1286 648 1351 cur
676 1251 897 1369 Episcopus
916 1243 1145 1331 Theatinos
1172 1238 1373 1338 breviarii„
1394 1241 1718 1332 reformationem
1748 1245 1956 1368 excogitas

568 1373 700 1471 verit.
735 1360 918 1454 Consule
936 1384 1455 1478 notatn,quanrnum.1p.
1473 1355 1686 1481 subjiciam
1704 1418 1717 1449 .

630 1520 677 1607 9.
708 1481 1049 1571 Rectiuslortasse
1078 1479 1228 1593 aliquis
1250 1479 1467 1597 conjiciet,
1496 1483 1659 1568 Petrum
1691 1477 1847 1569 Carasa
1867 1511 1956 1571 non

576 1606 716 1722 aequis
746 1602 873 1689 oculis
891 1598 1143 1690 breviarium
1156 1594 1506 1717 Quignonianum
1524 1594 1718 1720 aspexisse
1733 1656 1748 1702 ,
1762 1600 1880 1714 quod
1908 1629 1960 1690 eo

577 1726 748 1815 admisso
766 1748 896 1822 suas,
927 1745 973 1804 ac
989 1710 1197 1804 sociorum
1228 1714 1343 1803 labor
1360 1712 1525 1820 irritus,
1559 1744 1598 1805 et
1623 1713 1635 1800 i
1664 1738 1961 1835 notusperma·

577 1863 719 1931 neret.
755 1835 976 1954 Quidquid
993 1834 1135 1934 idest,
1160 1832 1259 1920 milri
1275 1829 1440 1950 quidem
1460 1861 1547 1922 non
1563 1747 1761 1953 probatur
1778 1831 1961 1925 narratio

494 1967 502 1978 '
575 1957 836 2059 Caraccioli,
867 1954 982 2074 quod
997 1950 1221 2071 Episcopus
1234 1948 1464 2042 Theatinus
1479 1975 1724 2041 senectutem
1737 2012 1752 2058 ,
1782 1954 1962 2072 maleque

579 2074 760 2167 affectam
774 2070 1048 2167 valetudinem
1070 2095 1263 2162 causatur
1292 2067 1632 2192 dispensationem
1666 2098 1691 2160 a
1724 2068 1964 2161 recitatione
1992 2129 1995 2136 ·

567 2195 709 2288 divini
724 2191 846 2282 officii
864 2184 1116 2308 impetravit,
1147 2187 1315 2305 nequod
1331 2215 1381 2277 ex
1396 2188 1633 2293 breviariis,
1648 2193 1754 2307 quae
1768 2186 1965 2297 fuerant,

574 2315 691 2401 erant
719 2341 770 2398 oe
789 2314 831 2397 in
848 2338 941 2408 ttsu,
958 2306 1087 2424 legere
1108 2333 1326 2395 teneretur.
1341 2310 1382 2393 E
1396 2325 1457 2395 tra
1469 2327 1577 2395 tanto
1587 2305 1783 2427 per'chir
1817 2301 1967 2395 t’ottt-

576 2431 651 2553 gni
670 2342 725 2516 ’m'
739 2434 803 2517 dir
816 2427 934 2543 offizij
968 2434 1076 2512 tanto
1102 2425 1343 2543 goffirmente
1363 2427 1596 2546 «compilati,
1624 2451 1729 2515 corne
1746 2451 1861 2514 erano
1878 2426 1970 2517 ruat

579 2548 693 2669 quei,
723 2546 789 2636 clre
804 2555 840 2633 s’
856 2549 1120 2664 rrdope'raooao
1150 2572 1263 2630 astro
1295 2565 1369 2631 tem
1434 2608 1449 2649 ,
1478 2545 1675 2666 veggendo
1701 2569 1845 2634 ancora
1863 2607 1878 2648 ,
1899 2549 1969 2633 cire

572 2670 686 2786 'Papo
708 2666 897 2754 Clemente
921 2696 998 2751 non
1013 2659 1047 2750 si
1059 2658 1241 2750 mralvma
1256 2661 1300 2749 di
1314 2573 1559 2776 nimmmarlo',
1585 2664 1764 2754 erida'rlu
1778 2663 1973 2754 all’ontico

578 2788 724 2887 arado,
747 2814 852 2873 came
873 2777 924 2893 fn
935 2782 1040 2895 ferato
1068 2784 1119 2868 dn
1133 2778 1221 2897 quei
1234 2777 1237 2784 ’
1251 2780 1359 2869 santi
1372 2778 1497 2900 Papi,
1515 2778 1592 2904 egli
1620 2803 1721 2873 sotto
1734 2805 1843 2875 sctrsa
1873 2782 1978 2874 detto

579 2898 820 3021 oeecnieqqa,
844 2930 866 2988 e
874 2928 974 3017 pom
989 2899 1145 3000 salute,
1172 2926 1237 2987 mo
1252 2925 1466 2989 veramente
1484 2927 1558 3017 per
1571 2926 1649 2990 aaa
1666 2896 1872 2990 servanti
1885 2905 1973 2989 bre·

582 3021 700 3111 viarii
714 3022 821 3107 ranto'
834 3017 1073 3134 dffrrrrrati,
1099 3018 1247 3120 clriese,
1273 3022 1320 3105 ed
1332 3018 1477 3136 accepti
1491 3018 1675 3138 dntsPapo
1695 3018 1856 3107 d’etter'
1870 3047 1973 3105 esen·

582 3139 673 3226 redi
681 3138 744 3221 dir
754 3135 782 3221 l’
791 3131 902 3250 Offrrt‘
917 3193 932 3234 ,
961 3161 1065 3219 come
1079 3162 1105 3217 a
1121 3161 1190 3219 suo
1205 3135 1321 3255 luogo
1337 3133 1480 3223 direma
1489 3135 1560 3253 piri
1574 3139 1648 3258 gia
1668 3198 1680 3224 .
1705 3137 1793 3227 Nec
1810 3134 1974 3255 prodest

581 3251 882 3369 illiexemplttm
896 3255 939 3339 S.
950 3249 1152 3338 Francisci
1167 3253 1332 3344 Xaverii
1348 3289 1359 3340 r
1376 3279 1472 3341 nam
1488 3256 1522 3340 is
1548 3256 1744 3347 eduobnt
1759 3252 1974 3346 breviariis

503 3370 507 3379 ’
586 3369 848 3492 approbatis,
869 3376 952 3457 'nur
968 3366 1196 3486 permissis,
1226 3370 1349 3461 altero
1367 3374 1514 3460 recenti
1534 3370 1711 3465 breviori
1731 3430 1746 3478 ,
1763 3366 1890 3462 altero
1904 3399 1977 3460 an·

576 3493 705 3607 ¹tiquo
717 3487 893 3603 longiori
911 3549 924 3591 ,
950 3490 1027 3573 hoc
1045 3483 1390 3603 illipraelereba13
1417 3490 1515 3603 quia
1531 3516 1627 3580 vera
1643 3488 1789 3611 pietate
1805 3515 1975 3611 peraret·-

588 3636 655 3697 rus
671 3608 863 3726 majorem
877 3602 1073 3693 recitandi
1091 3604 1268 3694 laborem
1296 3605 1482 3727 defugere
1509 3612 1707 3713 nolebat,
1741 3634 1828 3697 non
1857 3606 1975 3725 quod

587 3724 831 3818 breviarium
855 3716 1226 3839 Quignonianum,
1250 3725 1460 3842 multoque
1478 3724 1616 3815 minus
1632 3725 1853 3839 antiquum
1867 3728 1973 3815 adeo

588 3846 861 3964 improbaret,
887 3834 1523 3962 ursatiusduceretobreptitiam
1554 3841 1895 3964 dispensationem
1910 3867 1976 3939 cx·

591 3988 778 4075 torquere
815 4017 826 4044 .
865 3962 1061 4048 Enverba
1078 3956 1295 4047 Tursellini
1311 3964 1379 4051 tit.
1400 3958 1470 4053 VI.
1489 3958 1601 4053 Vitae
1613 3964 1657 4052 S.
1674 3959 1834 4053 Xattert't‘
1845 3989 1930 4084 cap.
1965 4021 1980 4052 .

592 4081 785 4199 Insignem
801 4106 888 4168 vero
903 4072 1040 4193 ejasin
1054 4078 1125 4164 noc
1135 4108 1273 4197 genere
1299 4074 1518 4202 religionem
1530 4080 1625 4200 feeit
1656 4076 1803 4171 illorum
1822 4082 1979 4175 liccam

590 4219 829 4312 temporum.
860 4200 997 4312 Nuper
1012 4223 1153 4282 nonum
1167 4218 1358 4288 ternarum
1373 4198 1578 4302 lectionum
1596 4194 1823 4290 breviarium
1846 4197 1981 4318 (saa-

587 4340 676 4404 eroe
706 4318 840 4412 Crucis
870 4314 1069 4404 dicebatur
1082 4315 1105 4429 )
1118 4336 1388 4435 occupatorum
1416 4314 1611 4409 dominam
1640 4318 1809 4411 levamen
1826 4315 1979 4407 editum

592 4460 676 4523 erat
699 4463 711 4519 τ
734 4435 889 4550 ejtrsqtte
906 4459 1000 4520 usus
1015 4428 1227 4523 Frartrmco
1239 4460 1398 4558 propter
1412 4439 1676 4577 occupationes
1691 4446 1740 4528 ab
1762 4434 1872 4527 initio
1887 4463 1984 4525 toa-

585 4568 752 4640 ressas,
782 4549 1178 4668 Illeramenquam'vr‘s
1194 4552 1562 4678 ingeminantem,
1591 4554 1981 4679 negotiisquedist'en·
2081 4654 2083 4658 ι

597 4696 660 4759 rus
674 4700 868 4787 rtuuqaam
878 4667 1073 4788 permissa
1087 4668 1152 4760 urt'
1162 4671 1440 4766 voluitlieenria
1458 4711 1470 4763 s
1485 4700 1662 4793 vetatque
1676 4670 1899 4764 breviarium
1914 4705 1984 4764 na·

595 4817 777 4875 uenarum
796 4790 998 4926 lectionum
1011 4784 1117 4877 datad
1124 4794 1247 4910 paulo
1262 4791 1417 4930 longius
1423 4807 1607 4915 perpetuo
1620 4793 1795 4886 recitauit
1810 4860 1822 4886 .
1837 4793 1981 4916 brania

600 4906 679 4993 hoc
710 4909 799 4997 loco
828 4907 1129 5013 Tursellrnus,
1170 4914 1413 5003 breviarium
1441 4909 1679 5034 Quignnnii
1696 4914 1983 5037 non'potuiese

596 5028 819 5139 aquolibet
848 5029 936 5118 sine
953 5028 1144 5124 facultate
1179 5031 1403 5153 usurpati,-
1435 5036 1509 5126 sed
1527 5033 1646 5239 3⁹2⁸
1659 5043 1858 5242 ttlarptum,
1893 5027 1983 5149 qui·
