5084 6234
686 794 771 916 md
1122 784 1651 905 Hruuourn

696 1058 761 1149 Aa
775 1053 936 1144 lauder.
981 1010 1090 1163 Jesu
1122 1051 1230 1138 salus
1264 1052 1524 1157 mortalium,

920 1202 960 1286 9.
1041 1169 1177 1272 Ades3
1209 1173 1386 1258 Patrono
1409 1173 1583 1261 dicimus

895 1318 960 1376 ιο.
1037 1287 1330 1403 Hispaniarum
1363 1289 1574 1389 carmina,

1039 1404 1176 1487 Tuam
1209 1426 1400 1488 canentes
1429 1404 1625 1519 gloriam.

975 1519 1230 1607 Laudandus
1260 1518 1326 1605 hic
1358 1545 1415 1606 est
1445 1520 1596 1622 unice,

1039 1638 1171 1753 Quod
1203 1635 1360 1754 primus
1387 1637 1431 1722 in
1465 1638 1680 1725 certamine

1038 1756 1241 1872 Apostolis
1275 1788 1325 1843 ex
1358 1756 1552 1844 omnibus

993 1984 996 1988 ¹
1037 1878 1115 1959 Pro
1149 1899 1186 1957 te
1209 1872 1394 1987 profudit
1420 1874 1721 1989 sanguinem,

920 2028 922 2033 ·
975 1989 1061 2073 Tui
1088 1994 1228 2105 beatus
1260 1987 1440 2104 plurimis

1039 2105 1559 2209 bwmmmmmm

896 2257 961 2310 11.
1040 2222 1172 2336 Quod
1206 2252 1335 2336 usque
1367 2224 1473 2310 testis
1503 2222 1635 2310 adfuit

1035 2340 1271 2428 Reconditio
1302 2341 1525 2454 mysteriis.

975 2443 1069 2545 Seul
1084 2460 1125 2547 vi
1157 2458 1331 2573 potentis
1357 2459 1540 2544 dexterae

1034 2575 1170 2689 Surgit
1192 2571 1292 2670 Jairi
1322 2574 1435 2675 filia,

891 2724 956 2782 12·
1034 2692 1149 2776 Cum
1178 2689 1303 2775 Patris
1333 2718 1389 2778 est
1420 2694 1463 2774 in
1499 2692 1671 2776 aedibus

891 2840 959 2926 13.
1036 2806 1106 2889 Ad
1129 2806 1231 2891 lucis
1258 2833 1400 2891 auram
1431 2808 1614 2892 reddita.

975 2928 1056 3011 Seu
1078 2925 1216 3015 vultus
1229 2960 1246 3025 ,·
1275 2947 1322 3011 ut
1350 2924 1437 3025 ool,
1463 2922 1730 3041 splendidus,

678 3206 767 3304 grini
783 3205 1074 3301 compostellani,
1090 3205 1240 3297 gestandi
1253 3228 1336 3277 con·
1396 3204 1520 3277 storiea
1537 3206 1764 3282 conciliaret.
1789 3204 1938 3299 Quodsi
1969 3210 2025 3284 hic
2043 3258 2056 3291 ,

676 3303 779 3377 chilla
793 3331 834 3378 ex
847 3304 1182 3393 lacto,quodnltima
1196 3306 1335 3389 stropha
1396 3302 1521 3389 aliique
1555 3307 1705 3385 ejusdem
1735 3306 1854 3380 aetatis
1899 3307 2055 3402 Hispani,

679 3404 798 3502 hymni
813 3407 854 3475 ad
882 3418 1040 3488 vesperas
1064 3411 1336 3467 commemorat·
1396 3417 1553 3486 quantam
1570 3400 1779 3492 diligentiam
1796 3447 1807 3481 ‚
1834 3418 1868 3471 et
1885 3402 2059 3497 ingenium

728 3502 861 3573 cuncus
875 3518 966 3570 mare
982 3491 1213 3576 cernentibus,
1396 3490 1430 3561 in
1460 3495 1617 3566 eruendis
1637 3541 1649 3576 ,
1680 3498 1954 3591 illustrandisque
1980 3525 2056 3571 mo·

725 3593 844 3690 Natus
863 3590 1224 3688 Regissnbmergitur3
1396 3590 1565 3663 numentis
1596 3592 1740 3686 antiquis
1770 3644 1782 3680 ,
1823 3613 1945 3667 tantam
1978 3620 2057 3686 pru·

691 3775 697 3782 ,
729 3693 790 3769 Sed
806 3721 827 3769 n
838 3692 1009 3794 prodendis
1026 3691 1158 3788 dnritnr
1398 3688 1575 3774 dentiam,
1601 3711 1634 3763 et
1671 3694 1837 3776 iudicium
1882 3692 2057 3763 adhibuis-

634 3797 644 3806 '
718 3788 829 3867 'Totus
842 3791 960 3891 pientes
976 3786 1208 3863 conchililrusi
1398 3791 1496 3867 sen't,
1526 3790 1609 3863 nihil
1624 3794 1755 3863 deesset
1770 3790 1976 3881 Hispaniae,
1994 3810 2056 3859 cnr

679 3890 808 3984 insigni
822 3909 893 3961 erat
904 3890 1042 3982 ingenio
1055 3935 1067 3971 ,
1082 3887 1255 3976 multaque
1267 3903 1342 3954 ertt·
1399 3883 1473 3953 aliie
1490 3885 1682 3960 nationibus
1698 3890 1730 3960 in
1760 3894 1824 3958 hoc
1855 3885 2057 3960 eruditionis

681 3982 810 4060 ditione
828 3992 997 4079 praeditus
1026 3984 1171 4066 loannes
1186 3982 1342 4073 Tamayo
1400 4003 1522 4071 genere
1538 3981 1705 4055 invideret
1720 4033 1731 4064 ‚
1746 4007 1854 4073 neque
1872 3983 2059 4057 chronicon

683 4082 816 4155 Silanae
834 4130 845 4163 ‚
866 4087 924 4154 sed
940 4080 1088 4172 turpiter
1114 4078 1342 4150 hallucinatus
1402 4080 1522 4150 Dextri
1537 4125 1549 4159 ,
1588 4077 1714 4171 aliique
1742 4079 1969 4154 commentitii
1996 4106 2060 4156 co·

682 4199 760 4263 est,
791 4179 917 4270 nequid
943 4177 1079 4272 gravius
1094 4176 1230 4256 dicam,
1258 4175 1342 4244 dum
1402 4173 1492 4245 dices
1507 4192 1611 4246 tantas
1637 4178 1825 4270 tragoedias
1839 4182 2057 4254 excitassent.

682 4279 753 4356 sine
768 4276 926 4364 iudicio,
946 4299 984 4344 ac
1001 4272 1135 4344 delectu
1153 4273 1267 4343 omnia
1282 4274 1343 4341 do·
1402 4272 1608 4361 Aethiopem
1632 4273 1757 4346 lavasse
1784 4276 1979 4352 hominibus
1997 4301 2060 4351 no·

683 4377 839 4458 tumenta
866 4388 1028 4449 vetusta,
1060 4385 1118 4438 aut
1132 4392 1218 4460 quae
1240 4383 1342 4438 vetu·
1403 4371 1478 4440 stris
1491 4368 1583 4440 visus
1608 4392 1657 4441 est
1674 4371 1945 4467 Aynreriehius,
1974 4383 2076 4468 dum,

683 4494 732 4547 eta
751 4475 974 4550 viderentur,
1007 4465 1099 4539 ultro
1122 4464 1341 4557 excipiebat,
1404 4466 1444 4536 P.
1459 4466 1713 4561 Hieronymum
1744 4471 1875 4545 Roman
1891 4477 1934 4544 de
1950 4470 2071 4564 lolii-4

685 4593 830 4664 cumque
850 4571 1012 4663 pleraque
1033 4562 1212 4635 exsibilar:
1236 4584 1344 4653 opor·
1404 4586 1508 4656 gnera
1536 4587 1555 4635 a
1573 4567 1745 4640 manifesta
1762 4567 1956 4663 impostoris
1974 4582 2054 4636 note

686 4666 830 4751 ruisset,
859 4668 1004 4740 malebat
1019 4686 1185 4746 acumen,
1210 4680 1344 4732 omnes·
1404 4658 1585 4733 defendere
1621 4688 1761 4738 conatus
1792 4688 1841 4736 est
1866 4678 1954 4758 oper.
1969 4662 2055 4729 eir..

686 4763 1111 4857 quenervotinrendere,
1141 4778 1181 4833 ut
1201 4754 1345 4832 difficul·
1405 4758 1607 4833 Dominicos
1638 4763 1823 4836 vallarsius
1851 4756 2055 4829 Veronensis

684 4877 769 4935 rates
801 4860 1026 4948 pullulantes,
1056 4859 1082 4931 si
1101 4860 1171 4932 lieri
1204 4873 1344 4952 posset,
1405 4856 1441 4927 in
1454 4873 1520 4930 nor.
1535 4864 1578 4929 ad
1591 4875 1750 4954 capn32.
1765 4856 1823 4926 lib.
1839 4864 1871 4924 s.
1890 4854 2057 4949 Hierony·
2090 4934 2092 4937 Α

686 4956 891 5037 evelleret,
934 4974 970 5027 er
993 4979 1072 5030 com
1115 4958 1259 5031 veritate
1291 4953 1346 5029 hi·
1403 4956 1453 5029 ni
1466 4957 1504 5026 de
1515 4959 1605 5030 Viris
1615 4953 2056 5048 rrussr.eatt.rmn.s735.
