5084 6234
666 851 751 938 {ese
1086 834 1128 922 D
1157 834 1192 920 E
1251 830 1353 919 tlt
1384 825 1431 915 Μ
1464 826 1507 918 Ν
1538 830 1612 915 ts

663 970 791 1077 sionis
806 974 928 1063 officii
943 973 1109 1093 proprii,
1125 1003 1229 1091 quae
1246 972 1378 1092 plures
1393 971 1683 1087 complectitur,
1703 974 1888 1096 designat
1906 964 2055 1091 Guyess

666 1113 733 1195 tus
749 1096 899 1208 capsis,
914 1124 925 1178 t
942 1097 1076 1190 Altera
1091 1095 1277 1193 consumi
1295 1117 1410 1209 quam
1421 1112 1597 1205 praestat
1617 1094 1746 1183 huleri
1760 1093 1884 1204 officia
1893 1097 2053 1211 propria

534 1246 544 1272 s
583 1239 588 1246 ·
664 1208 828 1321 infestis
839 1211 1034 1329 propriis,
1058 1240 1113 1300 est
1139 1212 1222 1326 ipsa
1238 1215 1471 1298 Sanctorum
1506 1210 1701 1299 celebritas
1717 1277 1731 1316 ,
1745 1245 1843 1328 quae
1866 1243 1911 1300 eo
1925 1211 2054 1328 majos·

663 1356 744 1431 essa
757 1330 936 1434 videtur,
962 1363 1035 1447 quo
1051 1362 1179 1418 eorum
1209 1330 1363 1427 laudes,
1393 1354 1471 1410 nott
1502 1331 1691 1416 mutuaris
1708 1333 1878 1433 aliunde,
1891 1334 2053 1422 aaroni·
2139 1337 2144 1348 '

659 1446 847 1565 guribus,
875 1453 942 1535 sed
951 1449 1177 1570 gerrnnar's,
1208 1468 1247 1533 et
1262 1443 1630 1561 innotisprnecoaiis
1650 1453 1892 1569 efficuntur.

725 1595 822 1683 253.-
856 1570 1036 1657 Proiecto
1066 1597 1163 1655 cum
1193 1564 1386 1655 omnibus
1417 1565 1609 1650 anteactis
1636 1568 1779 1654 seculis
1812 1568 2052 1668 sanctissimi

660 1684 846 1785 homines
860 1687 1089 1805 viguerint,—
1104 1687 1177 1802 qui
1193 1686 1375 1804 priorum
1391 1706 1619 1797 temporum
1630 1685 1793 1798 hymnis
1811 1716 1943 1776 novos·
1956 1689 2053 1779 alios

659 1805 806 1920 protei
825 1807 1127 1923 opportunitate
1146 1804 1403 1901 addiderint,
1433 1829 1508 1886 cut
1527 1803 1604 1889 hac
1625 1831 1761 1891 nostra
1793 1828 2053 1923 tempestate,
2081 1857 2083 1860 ·

657 1945 698 2005 et
714 1925 909 2010 secuturis
925 1925 1114 2040 deinceps
1139 1922 1280 2009 seculis
1312 1914 1598 2005 ecclesiasticae
1637 1954 1776 2010 musae
1809 1953 2050 2040 usquequa·
2128 1926 2132 1931 ⁸

658 2067 739 2151 que
768 2042 878 2128 silete
894 2040 1186 2156 jubebuntur?
1219 2042 1318 2125 Non
1338 2038 1391 2122 ita
1406 2034 1574 2149 quidem
1604 2040 1651 2124 in
1667 2041 1791 2130 veteri
1809 2041 2050 2129 Testamen-

657 2180 701 2241 to
736 2161 994 2248 observatum
1024 2184 1111 2261 cst,
1142 2155 1216 2246 ubi
1248 2180 1404 2275 praeter
1433 2153 1594 2240 cantica
1632 2159 1790 2260 Isaiae,
1824 2158 2050 2264 Ezechiae,

523 2357 527 2369 ,
658 2272 873 2377 letemiae,
905 2276 1057 2379 lonae,
1088 2280 1285 2366 Habacuc
1315 2338 1330 2377 ,
1363 2271 1533 2357 Azariae
1563 2335 1577 2374 ,
1611 2278 1771 2392 aliaque
1805 2277 1960 2367 diversa
1994 2282 2050 2365 di-

656 2394 779 2480 versis
807 2398 1057 2512 temporibus
1085 2460 1100 2497 ,
1130 2420 1254 2511 prout
1284 2425 1344 2480 res
1370 2389 1631 2507 postulabat,
1662 2397 1801 2499 edita,
1831 2395 1967 2482 ludith
2007 2399 2050 2486 in

655 2537 743 2626 etto¹
768 2514 929 2601 cantico
960 2541 1050 2633 post
1080 2513 1311 2599 Hololetnis
1340 2533 1467 2627 caput
1496 2512 1714 2602 abscissum
1747 2539 1880 2631 aperte
1911 2546 2051 2605 omnes

656 2624 803 2720 invitat
822 2632 875 2715 ad
893 2633 1093 2743 hymnum
1110 2660 1265 2721 novum
1282 2634 1372 2717 Deo
1386 2627 1622 2717 canendum
1638 2635 1748 2721 c.t6.
1760 2661 1845 2719 tan.
1864 2696 1874 2717 .
1890 2635 2052 2751 incipite

604 2791 607 2795 >
653 2744 827 2834 Domino
859 2749 901 2833 in
929 2750 1148 2867 tympanis,
1181 2772 1333 2838 cantate
1364 2744 1534 2835 Doruino
1565 2752 1842 2869 inmoriaris,
1870 2754 2054 2839 modula-

656 2864 755 2950 mini
782 2866 838 2951 illi
859 2872 1056 2984 psalmum
1089 2898 1228 2956 novom
1258 2901 1274 2975 ς
1302 2892 1343 2957 et
1370 2890 1598 2976 vers.15.,
1626 2874 1823 2986 Hymnurn
1855 2895 2052 2958 cantemus

657 2983 856 3071 Domino:
886 2990 1066 3106 hymnum
1098 3018 1238 3089 novum
1271 3008 1469 3079 cantemus
1498 2989 1584 3074 Deo
1610 3012 1751 3074 notro.
1789 2987 1963 3104 Quapto
1991 3014 2051 3075 ter

657 3109 984 3193 contemnendae
1022 3134 1120 3197 sunt
1147 3109 1430 3224 'quorumdam
1461 3134 1607 3206 voces,
1624 3107 1697 3224 qui
1715 3108 1921 3222 hymnos,
1939 3019 2055 3195 alias·

658 3245 742 3332 que
776 3223 900 3308 officii
930 3251 1060 3341 partes
1084 3231 1132 3311 de
1160 3230 1356 3315 communi
1384 3225 1541 3341 magnis
1570 3222 1743 3314 efferunt
1757 3226 1950 3315 laudibus
1965 3256 2052 3314 non

659 3336 741 3425 elio
777 3341 1071 3457 respicientes,
1105 3340 1182 3427 nisi
1216 3372 1264 3432 ut
1294 3347 1345 3431 de
1382 3342 1475 3426 trita
1504 3345 1730 3430 memoriter
1758 3344 1955 3432 recitandi
1985 3345 2055 3443 via

549 3573 552 3581 ¹
659 3454 848 3545 decedere
892 3461 1180 3580 aliquantisper
1214 3491 1266 3550 ne
1309 3481 1550 3583 cogantur.
1584 3461 1779 3578 Quorum
1813 3491 1930 3549 sensa
1969 3460 2053 3576 jam

1391 3744 1608 3822 Archimedis
1622 3744 1804 3840 sepulchro
1818 3768 1837 3816 a
1850 3764 1887 3815 se
1901 3758 2053 3834 reperto,

660 3742 790 3818 clariss.
816 3763 850 3820 et
874 3757 1092 3846 margaretae
1132 3748 1321 3823 Valdasrae

1391 3862 1428 3918 et
1441 3845 1659 3943 Syracusanis
1685 3842 1834 3917 indicato
1853 3844 1920 3913 hue
1950 3858 2056 3911 trans·

663 3867 763 3919 mae
777 3850 987 3943 pudicitiae,
1019 3846 1234 3946 omnibusque
1247 3850 1320 3920 atti·

661 3945 712 4018 teri
740 3945 870 4017 dotibus
883 3949 1002 4019 marito
1028 3946 1243 4028 simillimae,
1269 3969 1324 4018 se·

660 4062 789 4137 aretque
801 4040 939 4129 feminei
968 4060 1190 4128 ornamento,
1219 4044 1321 4115 utris·

685 4160 724 4211 ue
739 4153 776 4209 aa
787 4141 897 4213 animo
910 4159 943 4213 et
956 4157 1092 4239 corpore
1106 4156 1234 4238 semper
1247 4162 1321 4212 con·

657 4237 861 4324 insertasse
874 4240 928 4310 liic
942 4238 1043 4310 simul
1051 4256 1162 4309 terrae
1176 4239 1322 4311 traditis.

660 4332 857 4427 Nicolaitis,
885 4352 918 4409 et
930 4336 1046 4426 Maria
1075 4336 1245 4409 Valdasus
1265 4346 1324 4407 Sa·

661 4435 734 4506 rori
749 4483 762 4518 ,
781 4434 1147 4520 ecelesiasticam.
1163 4436 1323 4506 moestist.

652 4535 759 4604 Post·
774 4537 864 4611 vixit
880 4543 1018 4613 loannes
1032 4541 1154 4605 aanor
1168 4539 1338 4605 tertre.—

660 4632 1322 4729 &dimoeritasBragisptidaottMaii,

664 4753 751 4806 tana
765 4734 932 4805 M.D.XL.
946 4741 1146 4825 Margania
1158 4733 1249 4804 vixit
1263 4750 1320 4801 att.

667 4834 821 4903 mam
847 4838 963 4901 Mart.
989 4840 1098 4901 Μ.
1129 4829 1212 4913 obiit
1226 4828 1321 4928 prid.

666 4930 746 5002 lalus
761 4923 911 5000 Octobris
924 4950 1010 4998 anuo
1024 4938 1075 4998 M.
1091 4940 1133 5002 D.
1144 4938 1246 5003 tht.
1261 4926 1321 5002 li·

666 5024 802 5101 celticae
824 5023 910 5104 milti
935 5023 1119 5100 Ciceronis
1145 5030 1252 5102 verba
1279 5027 1334 5100 de·

1393 3943 1484 4016 ferre
1498 3951 1513 4015 i
1527 3954 1591 4022 lta,
1606 3945 1651 4014 ait
1670 3941 1767 4030 lib.4.
1782 3937 1977 4021 Tusculan„
1992 3962 2055 4010 aa·

1393 4041 1555 4113 bilistinra
1573 4041 1733 4110 Graeciae
1748 4039 2070 4136 civitas,qaoadatrt'

1392 4161 1476 4213 vero
1503 4140 1604 4209 etiam
1631 4136 1853 4217 doctissima,
1889 4138 1944 4207 stti
1971 4136 2059 4210 rivis

1395 4236 1495 4310 stains
1505 4236 1691 4309 acutissimi
1704 4250 1952 4309 monumentum
1965 4238 2058 4333 igno·

1395 4349 1501 4409 ratres
1517 4384 1528 4415 ,
1542 4333 1608 4405 nisi
1619 4332 1663 4405 ab
1675 4334 1809 4407 hmine
1820 4335 1994 4433 Arpinate
2008 4330 2059 4404 di·

1395 4435 1554 4507 dicissrt.
1570 4431 1769 4517 licebitne,
1796 4433 1932 4528 inquam
1946 4480 1959 4515 ,
1974 4426 2059 4512 milti

1393 4530 1556 4604 similiter
1573 4530 1740 4625 gloriati?
1764 4531 1848 4605 Non
1866 4530 1955 4605 enim
1982 4519 2066 4597 vidi

1393 4628 1583 4703 editionem
1606 4629 1818 4704 valentinam
1836 4648 1978 4721 operum
1995 4618 2069 4691 Vi?

1396 4727 1450 4801 vis
1464 4776 1476 4812 ,
1492 4752 1594 4822 quam
1610 4727 1800 4803 inchoatam
1819 4719 2056 4809 esse,nondom

1394 4824 1585 4903 absolutam
1603 4828 1731 4907 audio,
1762 4845 1872 4913 oeque
1890 4817 1988 4900 scio,
2014 4839 2058 4891 an

1396 4949 1507 4999 novus
1527 4925 1646 4999 Editor
1675 4924 1708 4994 id
1724 4917 1881 4995 habuerit
1897 4919 2072 5013 compen?

1398 5039 1474 5102 tuta
1488 5014 1969 5112 iermtenreerutgaserit.
