5084 6234
574 815 655 908 mr
941 779 1564 870 ·nsurmurs·

572 966 668 1021 mus
682 953 849 1045 quoque
876 923 1104 1039 conjicere,
1134 924 1241 1010 inter
1269 948 1452 1012 auctores
1477 927 1738 1038 Hymnorum
1761 924 1955 1023 humano

573 1051 711 1140 studio
743 1047 1086 1162 compositorum,
1114 1071 1220 1154 quos
1244 1044 1464 1129 concilium
1483 1045 1555 1127 IV.
1575 1046 1820 1136 Toletanum
1852 1052 1952 1141 alios

571 1170 696 1256 etiarn
714 1196 793 1254 esse
809 1187 963 1282 praeter
984 1156 1215 1259 Hilarium,
1240 1186 1279 1244 et
1295 1160 1560 1249 Ambrosium
1581 1163 1747 1268 innuit,
1773 1169 1953 1260 Pruden-

572 1287 679 1376 tium
712 1283 773 1373 vel
799 1278 993 1400 inprimis
1024 1275 1144 1362 fuisse
1177 1280 1543 1392 comprehensum,
1567 1312 1661 1367 cum
1689 1308 1728 1369 et
1744 1284 1956 1400 Hispanus

574 1403 725 1504 luerit,
756 1401 798 1483 in
816 1397 1096 1516 Hispaniaque
1111 1394 1338 1511 scripserit,
1372 1424 1411 1485 et
1425 1398 1512 1515 ejus
1535 1404 1644 1487 circa
1662 1400 1782 1492 fidem
1801 1404 1953 1493 doctri-

575 1551 631 1612 na
662 1515 828 1608 laudata
863 1519 905 1602 in
922 1511 1094 1620 Ecclesia
1125 1543 1279 1634 semper
1293 1514 1448 1619 fuerit,
1480 1542 1521 1605 et
1546 1524 1590 1606 in
1622 1547 1663 1604 re
1684 1520 1796 1605 nulla
1812 1522 1955 1639 (n)re‹

452 1841 459 1854 ,
573 1760 624 1829 sia
650 1759 893 1831 Mediolanensi
919 1754 1081 1829 celebrari
1112 1769 1227 1851 coepe·
1289 1772 1443 1847 tempore
1483 1761 1628 1852 hymnos
1657 1754 1833 1828 Pendentii
1863 1782 1954 1834 noas

573 1871 680 1933 tunt.
707 1860 831 1931 Aenon
853 1854 996 1940 asserit,
1025 1853 1225 1925 Concilium
1287 1857 1368 1947 dum
1385 1854 1486 1926 fuisse
1505 1857 1547 1925 ab
1573 1852 1733 1944 Hispanis
1760 1856 1951 1932 admissos.

574 1953 776 2034 Toletanurn
817 1953 926 2027 solum
954 2029 957 2035 ,
967 1953 1126 2044 probasse
1163 1954 1226 2044 hy·
1334 1956 1386 2043 (a)
1402 1953 1590 2048 Stephanus
1611 1949 1865 2037 Chamillardus
1883 1955 1951 2040 hoc

573 2053 680 2133 moos,
698 2078 784 2150 quos
799 2050 952 2133 ediderat
973 2048 1223 2120 §.Ambrosius
1286 2047 1404 2146 elogio
1419 2051 1542 2122 mactat
1566 2048 1816 2121 prudentium.
1847 2052 1948 2143 Cave

562 2150 765 2240 'Itaqueaut
781 2148 892 2238 ludit,
920 2146 974 2217 vel
1002 2146 1115 2242 potius
1132 2144 1224 2218 ludi·
1284 2162 1396 2218 tamen
1415 2152 1539 2228 ,hunc
1569 2147 1736 2240 sequaris¹
1759 2145 1793 2217 in
1819 2147 1949 2242 hymni

572 2243 1222 2325 tutCenniusitrverborambrtsiattts,
1285 2243 1316 2314 S.
1332 2243 1472 2317 Romani
1500 2245 1620 2319 ultima
1639 2247 1780 2341 stropha
1807 2248 1857 2321 sic
1887 2270 1949 2321 ce·

571 2339 1223 2437 autnibilsffert,quoostendat‚illo
1287 2360 1451 2415 nentem.
1580 2393 1582 2399 -
1715 2346 1719 2354 '

816 2441 977 2523 Vellem,
1003 2439 1137 2517 sinister
1151 2438 1239 2511 inter
1252 2441 1442 2522 hoedorum
1459 2464 1594 2536 greges
1662 2504 1665 2510 .

818 2542 864 2617 Ut
878 2563 954 2624 sum
969 2539 1104 2609 futurus
1120 2584 1132 2617 ‚
1164 2536 1299 2611 eminus
1313 2538 1557 2632 dignoscererr

813 2641 931 2729 Atque
960 2638 1026 2705 hoc
1041 2650 1223 2726 peccante,
1251 2633 1380 2706 diceret
1409 2635 1486 2712 Rex
1500 2636 1678 2729 optimus,

819 2736 992 2806 Romanus
1005 2748 1107 2811 orat,
1140 2734 1283 2804 transfer
1301 2734 1389 2805 lrunc
1403 2735 1552 2805 hoedum
1569 2733 1652 2810 mibi
1667 2783 1680 2817 ,

829 2832 879 2903 Sit
893 2833 1013 2903 dexter
1025 2852 1157 2925 agnus,
1192 2832 1350 2902 induatur
1367 2831 1521 2904 vellete.
1939 2887 1941 2892 .

571 2935 679 3033 Quod
689 2932 745 3004 virt
756 2929 901 3024 intelligi
914 2926 1103 3019 potest,nisi
1119 2928 1225 2998 dedie
1287 2944 1405 3011 toturn
1429 2928 1521 3003 idem
1535 2926 1738 3001 Prudentius
1764 2928 1797 3000 io
1819 2929 1952 3023 hymno

570 3052 720 3113 extrema
732 3027 874 3122 Judieii.
887 3028 944 3111 De
961 3025 1078 3119 poenis
1093 3026 1224 3108 demna·
1290 3027 1594 3115 5.(.athemerinon
1607 3028 1690 3113 baec
1704 3028 1835 3123 profert
1850 3052 1862 3106 t

817 3128 902 3206 Sunt
916 3144 949 3206 et
965 3123 1147 3216 Spiritibus
1162 3145 1262 3215 saepe
1281 3124 1481 3208 nocentibus
1626 3123 1628 3128 ’

822 3225 1012 3295 Poenarum
1030 3220 1181 3292 celebres
1195 3222 1258 3292 sub
1278 3239 1378 3315 styge
1394 3222 1499 3294 feriae

818 3321 884 3393 illa
899 3335 997 3391 noete
1011 3366 1023 3399 ‚
1038 3318 1140 3389 Sacer
1152 3342 1218 3411 qut
1230 3318 1334 3389 rediit
1349 3320 1446 3391 Deus

820 3418 955 3512 Stagnis
969 3418 1010 3487 ad
1023 3438 1164 3508 superos
1178 3437 1220 3487 ex
1233 3415 1438 3488 acherontiis
1453 3465 1467 3499 ,

817 3517 973 3589 Marcent
985 3512 1164 3606 suppliciis
1182 3531 1310 3602 tartara
1323 3513 1492 3598 mitibus,

820 3612 1028 3705 Exultatque
1043 3610 1099 3684 sui·
1109 3610 1254 3695 carceris
1267 3611 1343 3683 otio

818 3711 1025 3788 Umbrarum
1040 3711 1187 3805 populus
1206 3707 1293 3781 liber
1306 3713 1349 3782 ab
1364 3708 1525 3805 ignibus,

813 3809 892 3893 Nec
911 3810 1042 3881 fervent
1056 3806 1159 3879 solito
1174 3806 1314 3881 flumina
1331 3806 1494 3899 sulphure
1512 3829 1524 3880 t

572 3911 799 3984 Prudentium
816 3905 849 3977 ld
877 3909 1007 4003 poetice
1025 3906 1226 3997 scripsisse,
1249 3945 1255 3958 ·
1280 3906 1508 3979 miserorum,
1533 3903 1613 3978 Alia
1633 3905 1669 3978 ln
1692 3907 1849 3992 eumdem
1879 3929 1955 3993 sen·

574 4033 641 4085 non
655 4010 839 4102 dogmatice
853 4050 865 4084 ,
881 4006 927 4076 ait
943 4006 1070 4075 Natalis
1086 4004 1230 4077 aleran·
1291 4004 1429 4076 tentiam
1445 4001 1635 4095 allegantur
1658 4004 1690 4073 in
1705 4005 1955 4079 Dissertatione

574 4110 637 4181 det
659 4105 761 4177 secut.
778 4128 808 4176 2.
825 4102 961 4173 Dissert.
981 4124 1012 4172 1.
1030 4101 1141 4173 Poetis
1156 4100 1231 4194 qui·
1290 4101 1422 4174 Natalis
1436 4100 1702 4194 Alexandri,qua
1718 4104 1955 4187 demonstrat,

575 4208 654 4282 dem
669 4201 768 4276 valde
789 4198 954 4280 familiare
969 4222 1019 4272 est
1036 4199 1229 4270 inferorum
1292 4196 1425 4281 Traiani
1439 4198 1659 4291 imperatoris
1674 4225 1715 4272 ex
1734 4202 1855 4276 Inferis
1876 4202 1956 4275 libe·

576 4300 765 4395 supplicia,
798 4298 934 4391 quoties
961 4298 1042 4386 ipsis
1064 4296 1227 4379 libuerit,
1293 4296 1458 4368 rationem
1509 4295 1543 4365 8.
1585 4296 1751 4392 Gregorii
1798 4301 1955 4395 precibus

578 4398 754 4472 relaxare.
783 4396 849 4466 Sed
867 4418 932 4466 non
951 4410 1030 4475 est,
1056 4417 1232 4487 curnege·
1293 4393 1563 4466 commentitiam
1586 4416 1726 4487 prorsus
1756 4422 1828 4472 esse
1849 4448 1865 4484 ,
1893 4413 1956 4469 nee

577 4515 660 4579 tur,
691 4492 912 4568 Prudentium
934 4492 965 4564 in
983 4516 1021 4563 ea
1039 4490 1142 4563 fnisse
1156 4490 1231 4583 opi·
1292 4492 1507 4587 aT-lreologo
1531 4492 1685 4567 veritatis
1714 4513 1846 4569 amante
1862 4508 1955 4566 esse*
2000 4534 2003 4541 =

578 4596 704 4676 bione,
730 4613 768 4666 ut
796 4591 979 4687 aliquando
997 4590 1105 4662 levari
1132 4612 1230 4683 posse
1291 4593 1458 4663 rendam.
1490 4590 1660 4664 Graviora
1691 4593 1850 4685 quaedam
1873 4593 1961 4664 doc*

510 4690 512 4694 ’
564 4716 703 4786 'poenas
717 4694 951 4765 damnatorum
971 4689 1228 4765 existimaverit.
1291 4687 1398 4760 trinae
1419 4688 1594 4763 Prudentii
1627 4690 1745 4771 objicit
1767 4689 1903 4779 Baelius
1921 4689 1957 4761 iu

580 4790 620 4862 ln
638 4788 764 4859 Missali
781 4790 1001 4863 Mozatabico
1016 4787 1145 4860 Leslaei
1173 4791 1239 4863 Fre
1297 4788 1423 4860 lexico
1451 4791 1566 4874 Artis.
1602 4787 1784 4861 maden..
1813 4789 1874 4872 Ab·
1894 4788 1958 4861 bac

565 4891 635 4961 tia
652 4892 710 4955 tV.
729 4888 878 4956 Paschae
891 4903 974 4982 pag.
989 4892 1071 4958 206.
1086 4886 1231 4981 legiture
1296 4885 1418 4968 iniusta
1442 4907 1581 4958 censura
1596 4881 1693 4957 illum
1725 4882 1902 4967 vindicate
1916 4886 1958 4980 jo

581 4982 926 5085 attonitapaulslum
942 4983 1238 5083 steteresupplitis
1293 4983 1482 5079 alioopere
1497 4979 1643 5076 cogito,
1661 5037 1674 5058 .
1711 5025 1714 5031 ,
1945 4987 1947 4994 '
