5084 6234
553 847 630 939 v40
1006 812 1048 895 D
1079 812 1114 895 E
1176 813 1216 899 H
1247 813 1279 897 ll
1307 813 1357 901 M
1387 816 1430 901 Ν
1458 817 1530 903 IS
1651 812 1658 827 ’

569 959 745 1049 musicos
760 956 922 1048 videtur
950 956 1175 1074 approbare
1209 955 1251 1038 in
1281 956 1423 1044 sobriis
1455 955 1781 1043 Christianorum
1815 957 1960 1045 convi-

570 1084 645 1174 viis
660 1077 756 1193 (1):
776 1140 805 1179 „
819 1078 943 1164 Sonet
960 1075 1129 1191 psalmos
1151 1074 1387 1163 convivium
1404 1076 1586 1162 sobrium
1599 1105 1613 1175 3
1628 1099 1666 1163 et
1681 1100 1728 1163 ut
1752 1075 1823 1162 tibi
1840 1099 1960 1161 tenax

572 1263 601 1303 ‚,
633 1197 827 1283 memoria
844 1220 932 1296 est,
948 1223 1046 1282 voce
1063 1221 1213 1278 canora
1230 1191 1442 1309 aggredere
1473 1195 1551 1280 hoc
1576 1223 1729 1280 munus
1745 1223 1793 1281 ex
1823 1223 1959 1281 more:

574 1382 603 1423 ‚,
634 1316 758 1432 magis
787 1311 1216 1428 charissimospasces,
1242 1312 1276 1396 si
1305 1310 1355 1396 sit
1379 1311 1497 1400 nobis
1529 1312 1742 1429 spiritualis
1774 1313 1960 1415 auditio,

574 1502 602 1542 ,‚
634 1434 820 1555 prolectet
844 1460 959 1518 aures
977 1430 1153 1548 religiosa
1171 1429 1390 1532 mulcedo„
1412 1492 1421 1511 .
1441 1432 1525 1538 Sub
1553 1428 1808 1519 Diocletiano
1838 1433 1962 1519 Seba-

575 1580 631 1643 ste
657 1556 698 1639 in
715 1550 909 1639 Armenia
925 1549 1117 1662 martyrio
1139 1573 1355 1634 coronatus
1370 1574 1427 1634 est
1452 1550 1492 1633 S.
1510 1538 1796 1663 Athenogenea
1812 1550 1886 1666 (2)
1902 1614 1915 1651 ,
1933 1567 1963 1647 [a

575 1704 660 1790 quo
679 1674 882 1785 hymnum
916 1665 1120 1781 discipulis
1135 1665 1217 1752 suis
1235 1667 1415 1752 relictum
1430 1665 1564 1754 scribit
1580 1663 1624 1749 S.
1637 1663 1807 1752 Basilius
1824 1671 1965 1785 (3)‚,.

574 1851 605 1897 „
637 1789 769 1908 Quod
782 1788 907 1903 siquis
923 1786 1041 1873 etiam
1059 1785 1173 1875 novit
1188 1785 1465 1901 Athenogenis
1483 1787 1707 1899 hymnum,
1722 1815 1841 1897 quem
1862 1813 1967 1883 tame
2044 1889 2046 1891 q

573 1933 602 2017 ‚3
634 1941 757 2026 quam
787 1906 900 1991 aliud
914 1903 1078 2018 aliquod
1093 1902 1368 1993 valedictionis
1386 1934 1538 1991 munus
1556 1903 1760 2022 discipulis
1792 1906 1875 1992 suis
1900 1932 1966 1987 re·-

575 2095 603 2135 „
633 2028 753 2144 liquit
836 2024 868 2109 is
887 2024 1004 2107 novit
1019 2048 1057 2107 et
1072 2024 1303 2144 Martyrum
1334 2024 1571 2111 sententiam
1593 2023 1641 2107 de
1659 2021 1812 2138 Spiritu
1829 2025 1852 2139 (
1867 2050 1964 2108 san-

576 2156 608 2253 ,‚'
637 2172 701 2234 cto
717 2148 739 2261 )
753 2207 811 2247 „.
839 2142 906 2229 Cl.
926 2146 956 2227 F
958 2139 1160 2227 ranciscus
1190 2141 1400 2228 Antonius
1418 2143 1639 2228 Zacharias
1655 2140 1696 2224 in
1715 2140 1963 2230 Bibliotheca

578 2265 729 2355 Rituali
747 2262 875 2380 (198.
894 2257 1175 2377 Athenogenis
1208 2260 1418 2361 meminit,
1448 2290 1620 2375 eumque
1640 2257 1840 2348 Clementi
1868 2257 1966 2344 Ale·

566 2384 787 2475 ·xandrino
803 2409 1015 2499 supparem
1046 2377 1165 2464 lesisse
1198 2378 1422 2465 existimat.
1458 2382 1647 2493 Hymnus
1679 2378 1962 2465 Graecorumr

577 2510 722 2593 Lumen
738 2501 853 2588 hilare
868 2526 1020 2585 sauctae
1032 2495 1205 2613 gloriae,
1223 2496 1452 2612 quilegitur
1469 2498 1511 2577 in
1541 2496 1786 2584 Bibliotheca
1805 2500 1964 2584 Graeca

581 2620 751 2710 Fabricii
766 2616 865 2735 (5),
884 2643 922 2703 et
940 2616 1039 2701 alius
1071 2612 1199 2699 Gloria
1220 2615 1273 2697 in
1296 2614 1451 2701 excelsis
1466 2615 1580 2717 Deo,
1607 2641 1769 2732 prorsus
1786 2610 1963 2700 distincti

579 2762 777 2857 apparent
796 2739 848 2823 ab
864 2738 1020 2850 hymno
1036 2732 1332 2851 Athenogenis,
1349 2734 1397 2818 de
1415 2759 1499 2844 quo
1514 2732 1695 2850 loquitur
1711 2733 1751 2817 S.
1767 2731 1965 2835 Basilius,

577 2857 672 2945 licet
686 2853 874 2943 nonnulli
892 2853 1002 2940 aliter
1016 2852 1192 2941 sentiant
1210 2917 1221 2939 .

583 3076 585 3080 ,
637 2982 709 3093 48.
746 2973 929 3093 Viguisse
946 3001 1083 3061 autem
1109 2974 1187 3057 hoc
1205 2975 1340 3061 seculo
1356 2976 1692 3063 consuetudinem
1714 2983 1891 3095 hymnos
1907 3008 1962 3065 re·

577 3128 672 3187 cens
690 3093 929 3209 compositos
946 3094 989 3177 in
1007 3090 1180 3178 Ecclesia
1210 3094 1454 3183 decantandi
1472 3125 1558 3181 non
1578 3092 1741 3185 aliunde
1760 3097 1965 3187 efficacius

578 3212 806 3305 ostenditur
822 3274 835 3311 ,
851 3224 1039 3325 quam'ex
1059 3240 1135 3305 eo,
1154 3214 1228 3319 qui
1246 3242 1335 3297 eam
1352 3213 1483 3301 tollere
1501 3244 1710 3332 aggressus
1727 3244 1812 3321 est,
1838 3218 1967 3302 Paulo

579 3338 840 3420 Samosateno
859 3390 871 3412 .
888 3328 948 3415 Ac
965 3330 1057 3418 vide
1077 3327 1319 3443 singularem
1349 3331 1524 3417 hominis
1541 3334 1753 3421 audaciam
1779 3400 1793 3437 ,
1825 3336 1965 3422 intole-

579 3453 833 3562 randamque
853 3444 1143 3563 impudentiam
1159 3480 1173 3550 ς
1190 3447 1263 3561 qui
1283 3479 1378 3535 cum
1388 3450 1615 3567 Episcopus
1632 3480 1729 3538 esset
1746 3454 1966 3540 Antioche·

578 3582 656 3657 nus
672 3632 685 3668 ‚
703 3569 876 3680 hymnos
903 3567 946 3649 in
964 3564 1136 3653 Ecclesia
1152 3572 1344 3684 probatos
1361 3631 1375 3670 ,
1390 3593 1429 3655 et
1445 3569 1488 3652 in
1508 3569 1584 3653 Dei
1613 3569 1772 3656 laudem
1788 3571 1882 3657 cani
1898 3602 1966 3661 so·

577 3690 666 3778 litos
681 3711 888 3802 tamquam
905 3686 1173 3772 recentiorum
1203 3713 1419 3773 auctorum
1435 3688 1599 3802 rejecit,
1624 3687 1721 3777 alios
1737 3720 1834 3780 vero
1848 3689 1968 3806 peni-

576 3833 644 3895 tus
662 3836 820 3906 novos,
849 3804 1074 3920 impiosque
1091 3806 1323 3921 subrogavit
1345 3806 1389 3888 in
1414 3836 1530 3892 suam
1555 3807 1715 3893 laudern
1749 3841 1772 3895 a
1802 3808 1967 3893 mulier·

579 3927 678 4012 culis
696 3924 739 4005 in
767 3949 906 4009 sancto
938 3923 1135 4008 Ecclesiae
1155 3951 1274 4011 coetu
1306 3925 1613 4013 decantandos.
1643 3930 1755 4012 Bene
1790 3926 1967 4028 habuit,

579 4044 694 4160 quod
711 4040 904 4152 Synodus
922 4040 1177 4125 Antiocheno
1209 4072 1321 4153 anno
1343 4045 1442 4153 269.
1459 4044 1661 4143 inchoata,
1680 4075 1718 4133 et
1738 4073 1850 4130 anno
1869 4072 1969 4158 27⁰·

584 4161 827 4249 continuata
863 4152 1077 4243 effraenem
1121 4161 1421 4249 haeresiarchae
1461 4161 1721 4249 temeritatem
1757 4164 1968 4281 repressit.

586 4274 766 4364 Concilii
801 4276 963 4361 nomine
995 4275 1112 4360 missa
1135 4279 1187 4361 ad
1206 4272 1453 4395 Dio'nysium
1472 4285 1589 4364 Rom.
1606 4277 1839 4369 Pontificem
1869 4281 1973 4397 Epi,

567 4400 680 4483 -stola
699 4394 889 4511 Synodion
905 4458 933 4494 „
950 4395 1074 4478 Porro
1092 4455 1106 4494 ,
1127 4394 1294 4504 inquit,
1322 4399 1422 4512 quid
1440 4399 1555 4486 vobis
1579 4398 1621 4483 in
1643 4402 1875 4488 memoriam
1908 4428 1974 4483 re·

572 4545 615 4617 ·,‚
645 4540 863 4618 vocemus,
883 4511 1231 4626 quemadmodum
1247 4516 1418 4633 psalmos
1434 4527 1451 4619 ,’
1466 4548 1512 4605 ac
1527 4544 1672 4608 cantus
1688 4582 1703 4623 ,
1719 4521 1790 4635 qui
1811 4520 1860 4600 ad
1881 4519 1972 4601 Do-

1822 4695 1859 4737 „,
1872 4664 1973 4720 mim

634 4820 688 4908 (r)
715 4817 756 4887 ad
775 4815 905 4886 Donat.
935 4814 968 4885 in
990 4815 1081 4887 hoca
1152 4889 1155 4894 ,
1328 4822 1382 4908 (3)
1410 4815 1468 4887 De
1483 4817 1610 4903 Spiritu
1626 4817 1748 4887 Sancto
1765 4835 1904 4903 cap-29.

633 4923 686 5007 (a)
716 4912 880 4985 Sollerius
899 4933 983 4984 tom.
1000 4941 1035 5009 4.
1050 4917 1252 4991 Sanctorum
1327 4922 1384 5013 (4)
1412 4914 1510 4988 liba.
1526 4938 1557 4985 e.
1574 4939 1605 4983 2.
1624 4932 1726 4986 arur.
1748 4917 1787 4984 ad
1808 4910 1972 5003 ann.r96.

586 5011 678 5100 lunii
692 5015 876 5110 pag-216,
904 5028 1028 5105 etseq.
1328 5021 1382 5109 (5)
1411 5031 1534 5106 tunm.
1545 5032 1738 5111 pag-195„
1763 5019 1900 5108 deasq..
