5084 6234
981 856 1022 939 o
1055 817 1372 942 onn‘on
1400 855 1441 939 υ
1470 849 1568 937 Mt?
1867 869 1954 974 37,
2072 881 2077 894 ·

571 1011 693 1092 omne
732 993 950 1087 hominum
980 1023 1137 1111 genus,
1173 993 1324 1108 utqui
1356 1022 1405 1078 ex
1438 1021 1526 1076 uno
1554 991 1619 1077 illo
1656 983 1952 1122 procederentg

572 1153 706 1211 unum
730 1142 938 1235 saperent,
967 1112 1164 1199 unitatem
1197 1135 1465 1225 quaererent,
1497 1137 1538 1196 et
1565 1109 1800 1224 diligerent.
1863 1161 1866 1168 ·

632 1271 673 1354 9.
706 1238 820 1321 Ordo
854 1263 949 1350 ergo
968 1232 1160 1317 naturalis
1192 1230 1400 1346 exposcit,
1430 1252 1478 1313 ut
1507 1228 1645 1341 quiex
1665 1247 1753 1314 uno
1782 1230 1945 1319 homine

570 1362 741 1448 trahunt
767 1351 992 1469 originem,
1022 1373 1208 1435 mutuam
1225 1372 1391 1434 teneant
1411 1347 1670 1447 charitatem
1698 1376 1775 1433 nec
1792 1347 1946 1437 diesen.

570 1480 705 1565 tianta
724 1471 815 1555 fidei
831 1469 994 1557 veritate
1013 1532 1027 1570 ,
1057 1466 1129 1582 qui
1147 1497 1231 1551 non
1248 1465 1541 1583 disjunguntur
1563 1468 1735 1551 naturali
1748 1470 1941 1584 propag-ia

573 1622 622 1678 ne
643 1653 653 1674 .
693 1594 882 1674 Haereses
921 1618 1047 1687 vero,
1077 1615 1116 1670 et
1134 1585 1351 1673 divisiones
1367 1613 1387 1670 e
1403 1587 1514 1669 fonte
1544 1583 1952 1691 manantvitiorume

571 1709 682 1795 unde
720 1706 907 1821 quisquis
926 1707 978 1789 ad
1014 1702 1460 1816 lenitatem(1)ven'rr,
1492 1732 1541 1789 ex
1556 1704 1657 1792 vitio
1688 1704 1742 1788 ad
1761 1731 1952 1792 naturam

573 1827 675 1913 redit
690 1860 703 1928 ;
738 1825 836 1937 quia
853 1825 958 1910 sicut
978 1847 1151 1907 naturae
1169 1846 1228 1909 est
1245 1821 1330 1906 lieri
1361 1819 1611 1941 expluribus
1629 1822 1857 1922 unitatem,
1889 1825 1945 1912 sic

574 1970 633 2033 est
646 1944 748 2043 vitii,
766 1941 1024 2029 fraternitatis
1039 1938 1239 2026 declinare
1255 1938 1510 2025 dulcedinem
1530 1951 1549 2020 .'
1562 1941 1771 2057 Erigamu'r
1787 1970 1882 2057 ergo
1895 1968 1952 2036 toa

569 2090 609 2154 ta
629 2090 757 2149 mente
775 2058 817 2141 in
837 2060 1020 2175 gaudio,
1053 2084 1098 2146 ut
1113 2062 1211 2173 quia
1229 2084 1365 2174 gentes
1396 2058 1532 2145 studio
1552 2058 1784 2146 decertandi
1816 2061 1948 2176 perier·

572 2208 691 2283 rant,
724 2179 881 2265 sibimet
899 2179 941 2261 in
962 2177 1181 2264 amicitiam
1199 2176 1390 2262 Christus
1407 2207 1535 2264 unam
1554 2178 1772 2268 Ecclesiam
1790 2208 1947 2295 rproous

572 2326 659 2399 ret,
692 2300 833 2408 inqua
855 2324 922 2381 eas
937 2325 1076 2381 rursus
1092 2296 1303 2380 reduceret
1321 2294 1539 2379 concordia
1559 2296 1799 2382 charitatis'l
1845 2343 1848 2349 ·
1923 2337 1945 2390 n

576 2446 703 2500 .·10.
753 2412 818 2497 De
854 2416 926 2500 hac
965 2416 1142 2528 prolecto
1179 2409 1349 2498 Ecclesia
1380 2411 1624 2498 vaticinatur
1644 2414 1841 2529 Propheta
1887 2416 1954 2502 di-

574 2564 667 2622 cens
690 2531 763 2649 (2)
782 2559 794 2614 t
815 2533 963 2619 Domus
978 2562 1092 2633 man,
1116 2535 1250 2618 domus
1268 2530 1447 2618 orationis
1461 2530 1653 2618 vocabitur
1669 2534 1843 2620 omnibus
1853 2564 1955 2651 gena,

572 2654 673 2742 eidus
697 2716 707 2737 .
723 2653 774 2737 Et
791 2651 932 2736 iterum
952 2652 1064 2736 :Erit
1082 2714 1096 2753 ,
1111 2649 1261 2760 inquit,
1273 2646 1313 2731 in
1330 2648 1541 2734 novissimis
1555 2650 1958 2767 diebuspraepnratrrs

572 2802 685 2859 mons
694 2774 829 2856 donans
839 2771 1001 2857 Domini
1013 2772 1053 2857 in
1064 2770 1200 2856 vertice
1209 2767 1395 2852 montium
1412 2785 1434 2866 ,¹
1444 2794 1481 2853 et
1494 2769 1696 2854 elevabitur
1706 2801 1818 2886 super
1833 2773 1957 2877 colles,

575 2919 612 2978 er
620 2887 751 3000 flerent
776 2890 830 2972 nel
845 2918 929 2974 enm
949 2919 1077 2976 omnes
1088 2907 1239 3007 gentes,
1256 2915 1291 2970 et
1312 2888 1420 2970 ibunt
1430 2884 1564 3002 populi
1576 2890 1689 2972 multi
1702 2952 1716 2990 ,
1750 2911 1790 2972 et.
1799 2890 1925 2974 dicent
1943 2919 1958 2976 e

576 3010 712 3099 Venite
722 3010 971 3092 ascendamus
987 3012 1038 3091 nel
1051 3036 1213 3092 montem
1232 3001 1414 3102 Domini,
1442 3030 1480 3087 et
1495 3007 1705 3090 addomum
1725 3007 1804 3092 Dei
1811 3010 1957 3103 Jacob.

574 3127 700 3209 Mons
715 3121 824 3207 enirn
848 3122 1039 3209 Christus
1057 3146 1143 3223 cst,
1173 3147 1213 3208 et
1231 3118 1377 3217 domus
1410 3120 1486 3204 Dei
1514 3123 1639 3216 Jacob
1654 3153 1739 3208 una
1776 3123 1953 3215 Ecclesia

575 3266 633 3328 est
666 3239 782 3355 ejus,
817 3240 870 3324 ad
902 3270 1027 3354 quam
1057 3265 1096 3328 et
1121 3241 1302 3356 gentium
1332 3267 1606 3342 concursum,
1634 3266 1679 3328 et
1708 3246 1956 3360 populorum

577 3359 826 3477 pronunciat
840 3358 1041 3447 confluere
1057 3382 1320 3447 conventum.
1337 3360 1398 3443 De
1417 3386 1500 3470 qua
1517 3389 1677 3447 rursum
1696 3361 1773 3447 alio
1787 3363 1958 3452 loco-di·

577 3478 630 3564 cit
647 3480 846 3593 Propheta
864 3478 938 3593 (3)
955 3514 964 3563 ε
1001 3480 1128 3596 Surge
1145 3476 1363 3563 illuminare
1373 3480 1617 3579 Jerusalem,
1638 3480 1740 3597 vqrrin
1771 3483 1875 3569 venit
1892 3483 1957 3570 lte-

574 3626 662 3680 men
679 3619 785 3682 enum
803 3657 817 3694 ,
841 3617 880 3680 et
893 3597 1018 3713 glorio
1037 3594 1197 3680 Domini
1213 3625 1326 3708 super
1343 3616 1382 3680 te
1398 3611 1480 3684 orto
1498 3625 1583 3699 est,
1620 3600 1957 3705 etfnmlulobunt'a
2072 3699 2074 3704 ,

575 3714 664 3814 ait,
694 3738 827 3832 gentes
841 3714 881 3797 in
897 3714 1041 3800 lumine
1055 3741 1150 3815 tero,
1179 3733 1216 3800 et
1231 3717 1356 3829 Reges
1365 3712 1406 3796 in
1419 3714 1613 3827 splendore
1628 3735 1737 3803 ortus
1753 3718 1815 3803 teri
1832 3779 1843 3800 .
1877 3724 1955 3808 Le·-

576 3860 623 3917 va
639 3830 680 3915 in
698 3831 855 3919 circninr
870 3831 995 3919 oculos
1009 3858 1127 3935 rrros,
1151 3858 1189 3919 et
1206 3832 1292 3919 vide
1313 3859 1325 3913 τ
1355 3860 1484 3917 ornnes
1497 3833 1565 3918 isti
1594 3836 1821 3954 congregati
1834 3857 1957 3945 rnna,

575 3981 615 4037 et
645 3949 828 4037 venerunt
859 3951 950 4050 ribi3
981 3976 1018 4037 et
1044 3951 1297 4068 aedificabunt
1326 4012 1340 4050 ,
1384 3949 1546 4063 inquit,
1564 3952 1646 4068 filii
1666 3953 1961 4073 peregrinorum

576 4098 832 4165 neomenias,
856 4091 893 4155 et
909 4073 1033 4187 Reges
1046 4069 1459 4158 eommministmbnnt
1471 4068 1572 4157 tibi.
1606 4155 1629 4164 ,,
1668 4151 1689 4192 ·÷
1761 4119 1831 4164 2...
1853 4085 1889 4160 μῐ
1922 4111 1958 4177 egr

643 4216 710 4272 11.
745 4187 833 4300 Qui
853 4214 899 4274 ut
915 4217 1148 4289 notesceret,
1164 4218 1270 4302 quae
1289 4213 1462 4278 ventura
1479 4216 1609 4278 essent
1622 4191 1814 4310 genti,vel
1824 4205 1960 4315 popu&

578 4302 651 4403 lo,
685 4334 790 4419 qnae
826 4310 877 4394 ab
897 4307 1023 4393 unius
1053 4307 1249 4398 Ecclesiae
1267 4305 1571 4400 conmunione·
1601 4312 1859 4412 recidissent,
1895 4305 1960 4400 nez-⁸

579 4449 736 4538 quutus
750 4448 808 4510 est
824 4425 1034 4538 (4):Gens
1048 4426 1147 4512 enim
1166 4490 1179 4529 ,
1195 4446 1233 4511 er
1247 4443 1407 4562 regnum
1426 4487 1440 4526 ,
1469 4432 1571 4540 quod
1586 4460 1662 4515 non
1676 4430 1844 4520 servierit
1852 4432 1957 4535 risle

574 4544 716 4658 peribit
733 4606 743 4628 .
778 4542 873 4627 Alio
891 4544 1067 4657 denique
1079 4601 1082 4614 ι
1094 4545 1183 4631 loco
1205 4543 1382 4641 similiter
1417 4544 1498 4641 ait:¹
1514 4549 1959 4665 Ecce,gentem,lqrrnm

581 4662 801 4766 nesciebas,
829 4663 1002 4764 noradin
1033 4683 1246 4782 tegentes,
1271 4685 1371 4781 quae
1398 4694 1475 4748 non
1491 4679 1833 4781 cognoveruntrms
1854 4671 1959 4790 adq!

583 4808 762 4869 current.
793 4784 913 4869 Unus
946 4780 1053 4872 enirn
1071 4779 1129 4874 cst
1166 4783 1356 4874 Christus
1381 4780 1623 4892 Dominus,
1660 4785 1777 4934 cuju?
1790 4797 1954 4932 esgun'a

1557 4903 1663 5018 ΒΒ
1695 4908 1743 4993 Β
1774 4907 1851 5026 ”iss
1884 4921 1931 5028 3„

626 5049 679 5136 (¹)
697 5049 752 5121 Aa
783 5046 974 5124 unitatem·
999 5011 1084 5147 to
1107 5049 1230 5128 Ena.
1284 5011 1339 5148 (3).
1365 5035 1439 5124 Era.
1456 5049 1515 5120 60.
1566 5050 1621 5143 (4)
1647 5012 1855 5132 henriq,
1878 5027 1909 5126 ,ξ
1929 5073 1956 5116 ,ε

1985 5263 2257 5517 Λ
