5084 6234
674 785 759 882 eru
1041 773 1631 888 ‘DEHYMNIS

672 922 860 1023 &martir
875 918 1119 1041 Pontificibus
1132 950 1337 1009 correctum
1354 924 1546 1013 redeundo
1562 956 1672 1045 saepe
1698 925 1836 1017 citatus
1853 930 2067 1021 Graneolar

674 1044 1010 1165 eap.15.repetit‚
1036 1044 1131 1128 ittat
1144 1041 1278 1127 merito
1294 1041 1427 1128 ceteris
1449 1046 1626 1131 omnibus
1656 1078 1732 1135 esse
1744 1045 2033 1163 praeferendum
2052 1112 2067 1157 ,

673 1194 712 1266 et
723 1168 914 1285 quaedam
942 1161 1123 1276 subjicit,
1160 1192 1258 1277 quae
1278 1163 1463 1247 mutando
1488 1188 1689 1270 censeret,
1719 1196 1763 1252 ut
1792 1163 2068 1257 videlicetnon·

671 1279 992 1376 muneratiores
1008 1281 1301 1366 emendarentur
1317 1343 1332 1382 ,
1365 1278 1509 1368 nimius
1512 1277 1704 1394 fertonem
1719 1317 1901 1374 numerus
1917 1289 2070 1375 minue·

672 1425 811 1507 retur,
840 1404 902 1488 vel
913 1401 1045 1488 saltem
1057 1428 1185 1486 eorum
1204 1402 1514 1487 commemoratio
1530 1404 1611 1490 sola
1626 1407 1944 1521 praescriberetur
1958 1405 2070 1519 infe

612 1578 635 1598 ·-
671 1523 765 1614 ticli
796 1520 953 1633 officio.
980 1521 1047 1606 rln
1077 1538 1207 1606 autem
1241 1522 1365 1620 haec,
1396 1521 1457 1606 aet
1476 1520 1553 1607 alia
1578 1521 1761 1633 finienda
1779 1524 1886 1628 sint,
1917 1527 2070 1615 exami-

671 1646 842 1735 nandum
874 1641 970 1742 erit,
987 1670 1073 1726 cum
1091 1639 1254 1726 arduum
1288 1639 1485 1758 negotium
1517 1640 1762 1763 corrigendi,
1786 1671 1825 1729 et
1837 1642 2071 1759 reformandi

675 1759 903 1853 breuiarium
922 1762 1139 1846 &manum
1153 1783 1408 1845 assumetur.

678 1925 685 1936 ·
739 1908 838 1997 249.
871 1880 932 1967 Ex
949 1878 1132 1993 quibus,
1158 1904 1198 1965 et
1223 1875 1309 1963 aliis
1326 1876 1518 1967 omnibus
1533 1878 1702 1968 uberius
1723 1908 1847 1997 supra
1878 1883 2069 2001 expositis

672 2002 726 2090 ad
749 2005 1001 2111 hymnorum
1018 1995 1350 2113 Hispaniensium
1365 1995 1655 2083 correctionem
1688 2002 1928 2088 tentandam
1948 2002 2072 2093 novi-

671 2118 764 2208 tatis
783 2141 882 2205 nota
899 2115 1168 2231 antiquorum
1184 2139 1433 2231 temporum,
1450 2137 1490 2200 et
1508 2113 1697 2204 ecclesiae
1714 2119 1952 2222 Romanae,
1970 2120 2073 2207 alia-

672 2266 848 2354 rumque
873 2265 981 2335 usu,
1013 2260 1057 2323 et
1089 2231 1328 2321 auctoritate
1364 2230 1531 2349 depulsa
1548 2258 1636 2337 est3
1668 2259 1709 2322 et
1746 2238 1800 2327 ab
1814 2239 1988 2326 audacia
2008 2269 2072 2325 me

671 2355 901 2475 longissime
921 2356 1058 2443 abesse
1075 2349 1329 2455 consentiet,
1357 2350 1431 2467 qui
1447 2352 1778 2459 animadvertat,
1794 2358 2073 2475 speciemcor·

671 2473 864 2564 rectionis
878 2475 1130 2586 hymnorum
1158 2499 1220 2556 me
1236 2466 1353 2557 edere
1375 2470 1661 2575 constituisse,
1693 2499 1779 2560 non
1815 2476 1931 2590 quod
1948 2467 2072 2566 faculss

669 2618 794 2684 tatem
829 2591 977 2703 lyricae
996 2618 1161 2708 poeseos
1184 2587 1286 2675 mihi
1305 2618 1521 2708 arrogem,
1550 2618 1623 2681 aut
1639 2592 1724 2683 ullo
1756 2594 1801 2679 in
1818 2596 1949 2712 pretio
1964 2625 2074 2682 meos

670 2709 848 2827 hymnos
868 2710 1079 2801 habendos
1109 2738 1191 2796 esse
1226 2736 1466 2825 persuasum
1499 2714 1700 2815 habeam,
1725 2713 1796 2798 sed
1824 2736 1872 2800 ut
1886 2714 2071 2832 exemplo

672 2858 765 2918 meo
783 2832 837 2916 ad
850 2830 1023 2917 eandem
1040 2857 1124 2914 rem
1147 2827 1433 2945 experiendam
1464 2829 1638 2916 aliorum
1654 2830 1930 2934 industriam,
1963 2833 2074 2951 inge·

671 2947 871 3066 niumque
905 2978 1121 3068 provocem
1152 3007 1163 3032 .
1194 2945 1332 3033 Aliam
1360 2947 1583 3061 quamdam
1616 2946 1897 3038 difficultatem
1929 2978 1953 3034 a
1983 2950 2070 3038 suis

675 3067 799 3156 Gallis
833 3068 1033 3189 objectam
1061 3094 1264 3159 removere
1293 3090 1467 3154 conatus
1481 3090 1540 3157 cst
1554 3066 1735 3157 Carolus
1751 3069 1940 3185 Guyetus
1956 3070 2079 3166 Prae·

664 3183 747 3300 far.
765 3186 808 3273 in
822 3191 999 3307 Hymaor
1015 3215 1172 3277 correct.
1190 3249 1204 3289 ,
1228 3213 1474 3303 quamego,
1501 3216 1600 3276 eum
1612 3187 1714 3275 mihi
1742 3217 1803 3276 res
1818 3187 1871 3275 sit
1884 3216 1980 3276 cum
1999 3187 2079 3273 Hi-

671 3306 840 3426 spanis,
869 3330 960 3397 turo
980 3333 1136 3426 possem
1152 3302 1398 3423 praeterire.
1424 3305 1504 3403 Sed
1533 3329 1672 3393 tamen
1692 3309 1771 3395 hoc
1790 3307 1851 3392 ille
1865 3306 1998 3424 ajebat
2012 3335 2078 3393 re·

673 3425 881 3545 qrondens
897 3426 982 3515 suis
997 3461 1010 3515 e
1026 3425 1219 3543 Sumptus
1233 3418 1303 3509 alii
1324 3442 1565 3537 praetexunt
1594 3423 1637 3512 in
1656 3426 1871 3515 choralibus
1890 3427 2077 3527 edendis,

672 3545 987 3664 toenporandisve
1009 3541 1197 3631 libris...
1225 3540 1289 3628 De
1317 3543 1539 3661 sumptibus
1569 3574 1656 3633 uero
1677 3575 1754 3633 non
1788 3544 1866 3632 nisi
1871 3573 2073 3661 perperam

643 3717 644 3720 κ
672 3663 876 3872 puratis,
898 3667 1037 3786 quibru
1068 3684 1114 3752 ut
1122 3689 1300 3784 parceret
1325 3659 1509 3775 Pontifex
1537 3664 1757 3783 (Urbanus
1769 3664 1906 3777 Vlll.)
1931 3684 2075 3749 veteres

693 3783 813 3886 'bror,
845 3786 1031 3905 quamdiu
1060 3816 1133 3904 per
1145 3781 1404 3904 integritatem
1421 3783 1512 3871 usui
1526 3813 1608 3871 esse
1617 3806 1826 3903 poterunt,
1841 3784 2077 3898 haudquam·

673 3933 789 4019 quam
823 3907 1058 4027 ablegandos
1083 3903 1209 3993 edixit
1224 3935 1247 4007 ;·
1268 3926 1311 3992 at
1345 3928 1432 3988 cum
1459 3902 1516 4001 iis
1536 3905 1684 3992 detritis
1705 3901 1798 3991 novi
1825 3898 2076 4017 comparandi

674 4048 816 4125 aune,
838 4025 1255 4141 plarisneeoastobunt
1261 4041 1482 4139 postremae
1497 4084 1512 4124 ‚
1527 4021 1682 4139 ejusque
1698 4020 1868 4108 cultioris
1883 4016 2074 4123 editionis,

673 4147 803 4343 naam}
815 4144 1032 4246 obsoletae,
1061 4142 1259 4261 minusque
1292 4136 1540 4262 castigatae'l
1571 4140 1761 4255 Quinam
1790 4137 1914 4276 igitur
1930 4140 2075 4257 hymni

719 4255 889 4396 ispanici
919 4262 1205 4350 reformatione
1234 4260 1475 4380 indigeant,
1504 4259 1619 4349 facile
1649 4257 1890 4379 perspicitur
1921 4324 1936 4364 ,
1964 4258 1998 4349 si
2013 4285 2077 4344 re·

677 4377 806 4494 gulsa,
824 4408 932 4494 quae
949 4374 1140 4498 §.XXXL
1158 4409 1208 4468 ex
1237 4380 1379 4468 licatae
1396 4403 1518 4495 sunt,
1536 4378 1804 4467 conserantur
1819 4379 1968 4494 hymni
1982 4403 2075 4465 cor-

675 4495 834 4614 rigendi
854 4561 866 4586 .
897 4502 1103 4588 Praeterea
1122 4523 1169 4587 ut
1184 4412 1347 4620 planius
1376 4500 1582 4599 iacerem,
1613 4499 1853 4619 depravatos
1882 4528 1963 4588 esse
1981 4494 2075 4612 plu·

665 4639 741 4721 ⁵res
757 4620 936 4734 hymnos
948 4618 992 4706 in
1009 4619 1144 4710 officio
1158 4618 1324 4740 proprio
1343 4616 1590 4707 Sanctorum
1608 4620 1909 4745 Hispanorum,
1923 4615 2076 4730 quibus

677 4730 786 4824 vitiis
799 4736 947 4857 singuli
979 4740 1233 4842 laborarent,
1264 4735 1309 4822 in
1328 4738 1571 4857 ›Hymnodio
1593 4761 1759 4832 correcta
1781 4738 1954 4854 aperui,
1984 4748 2078 4846 pro·

675 4871 809 4969 pterea
827 4857 942 4973 quod
957 4860 1027 4948 etsi
1044 4858 1284 4951 hominibus
1311 4856 1355 4943 in
1372 4863 1453 4949 hoo
1470 4888 1618 4980 genere
1642 4855 1805 4951 versatis
1822 4846 2074 4967 superfluum

676 4968 722 5059 id
734 5000 861 5082 esset,
893 5003 980 5067 non
995 4978 1168 5073 deerunt
1182 5004 1321 5070 tamen
1335 4979 1443 5097 „qui
1457 5007 1645 5109 errores,
1674 4974 1751 5065 nisi
1771 4971 1981 5094 perspicue
1999 4968 2088 5058 dt·-
