5084 6234
915 814 1554 912 accuratasrtcrs
1837 844 1918 934 141

537 977 605 1052 sto*
622 961 888 1051 dedicationis
918 960 1111 1047 Ecclesiae
1138 1025 1152 1063 ,
1178 990 1223 1046 ac
1241 958 1328 1044 sine
1361 961 1731 1051 ullacontr‘aversia
1754 989 1930 1078 appate-

538 1084 599 1190 lqit
616 1145 628 1183 ‚
647 1082 862 1170 sententias
881 1107 1085 1183 veterum,
1104 1080 1247 1177 metri,
1271 1085 1546 1195 sermonisque
1581 1082 1691 1169 latini
1724 1081 1928 1166 erroribus

485 1194 488 1202 ’
538 1201 699 1304 uitiatas
715 1265 729 1303 ,
747 1230 831 1285 non
848 1230 928 1289 esse
948 1201 1119 1315 aptiores
1134 1198 1188 1285 ad
1202 1195 1389 1313 pietatem
1406 1202 1677 1302 excitandam,
1695 1199 1930 1289 fovendam-

540 1348 645 1438 que,
680 1349 808 1433 quam
825 1317 982 1407 easdem
1008 1318 1118 1435 puris
1132 1316 1292 1416 verbis,
1319 1318 1569 1434 elegantique
1604 1321 1779 1407 carmine
1801 1316 1931 1403 inclu-

539 1465 630 1523 sas.
668 1435 816 1523 Errant
832 1468 928 1526 vero
949 1499 963 1537 ,
991 1436 1064 1549 qui
1081 1449 1251 1552 putant,
1277 1437 1453 1550 hymnos
1485 1468 1535 1524 ex
1551 1439 1727 1552 antiquis
1744 1435 1939 1551 temporif·

541 1554 620 1654 bus
653 1556 706 1640 ad
730 1586 804 1641 nos
821 1556 1069 1640 transmissos
1103 1581 1182 1640 tam
1199 1557 1373 1641 absurde
1405 1557 1654 1673 apraeclaris
1690 1556 1927 1645 auctoribus

540 1672 724 1772 Hilario,
760 1667 1009 1773 Ambrosio,
1040 1670 1478 1787 Gregorio,Sedulio,
1509 1675 1760 1774 Prudentio,
1784 1679 1935 1766 Fortu·-

539 1790 773 1885 natoluisse
791 1819 1037 1909 compactos,
1061 1819 1186 1906 quam
1222 1788 1264 1874 in
1293 1791 1496 1881 breviariis
1528 1794 1717 1909 postremi
1736 1793 1926 1909 temporis

535 1904 803 2024 legebantur.
837 1910 936 1996 Illud
959 1909 1075 1995 etiam
1110 1966 1123 2005 ,
1156 1908 1356 2022 inquiunt
1384 1911 1643 2001 Correctores
1673 1912 1857 2007 Romani¹
1877 1910 1922 1997 in

536 2027 788 2141 praefatione
802 2089 815 2128 ,
831 2058 884 2116 ea
907 2029 1023 2116 variis
1038 2026 1303 2145 scriptionibus
1325 2028 1366 2115 iu
1396 2030 1625 2119 Bibliotheca
1647 2031 1835 2123 Vaticana
1850 2060 1926 2116 ser·

534 2146 634 2241 {tuns
662 2146 899 2264 exploratum
917 2175 1000 2250 est,
1026 2148 1216 2265 plurimas
1244 2148 1286 2235 in
1296 2148 1633 2266 pluribusbymnis
1662 2180 1796 2250 voces,
1825 2168 1929 2267 quae·

534 2290 639 2352 nunc
650 2265 837 2383 leguntur
853 2329 867 2368 ,
883 2294 999 2385 etpro
1012 2266 1178 2383 antiquis
1191 2267 1379 2353 habentur
1392 2329 1407 2367 ,
1420 2272 1622 2353 authorum
1643 2299 1720 2353 esse
1737 2269 1922 2357 recemio·
2041 2306 2055 2324 ²

534 2386 853 2496 ntent‘A‘c‘vide
868 2397 889 2488 ,'
904 2385 1008 2495 quid
1023 2384 1103 2497 jam
1123 2415 1145 2468 a
1163 2413 1205 2497 9.
1224 2383 1362 2471 seculo
1391 2384 1440 2470 de
1458 2386 1625 2499 hymnis
1641 2384 1923 2480 Ambrosianis

530 2498 696 2609 tenurit
711 2502 968 2591 Walafridus
984 2503 1058 2619 (r)
1072 2538 1083 2588 r
1098 2502 1301 2590 Sciendum
1318 2522 1478 2603 tamen,
1508 2504 1647 2591 multos
1670 2508 1831 2621 hymnos
1842 2534 1922 2622 pu-

510 2624 513 2628 ’
533 2616 612 2722 nti
624 2620 673 2706 ab
689 2616 1049 2733 Ambrosiofnctos,
1073 2621 1141 2738 qui
1155 2651 1393 2737 nequaquam
1408 2625 1458 2708 ab
1469 2622 1536 2709 illo
1550 2642 1645 2710 sunt
1659 2623 1751 2716 editi
1769 2684 1780 2706 ·
1799 2626 1923 2710 lacre·

533 2733 643 2822 dibile
659 2738 779 2857 eaimg
792 2742 969 2844 viderur,
998 2739 1103 2827 illum
1131 2741 1223 2825 tales
1236 2740 1383 2856 aliquos
1396 2737 1564 2851 fecisse,
1589 2742 1846 2855 qualesmulci
1858 2741 1925 2829 in·
1978 2772 1979 2775 ‘

532 2853 767 2962 uniuntur,
794 2858 936 2955 idest,
961 2859 1029 2977 qui
1057 2859 1199 2944 nullam
1225 2887 1361 2945 sensus
1384 2862 1691 2976 consequentiam
1720 2862 1924 2964 babentes,

529 2965 739 3066 t'ttsalitatn¹
758 2978 965 3066 Ambrosio
1013 2978 1057 3062 in
1088 2976 1182 3090 ipsis
1214 2976 1446 3065 dictionibus
1469 2978 1724 3064 rusticitatem
1764 2981 1925 3063 demen-

529 3088 694 3211 siranr(
717 3094 995 3210 ).Audiatur
1010 3157 1024 3200 ,
1042 3093 1210 3214 quidde
1225 3096 1306 3183 Ms.
1325 3096 1419 3213 ipsis
1439 3092 1680 3211 Hymnariis
1698 3093 1819 3183 etiam
1831 3098 1927 3183 Va·

584 3352 641 3438 (r)
665 3350 708 3420 de
724 3342 965 3425 rebusEccles.
980 3365 1119 3445 tap.25.
1252 3350 1422 3435 „dissent
1447 3398 1459 3434 ‚
1485 3347 1558 3421 sive
1598 3348 1755 3420 inchoata
1781 3345 1925 3441 potius,

583 3452 635 3540 (a)
658 3445 1076 3547 S.Ambrosium'csp.42.
1092 3445 1190 3522 liba·
1249 3496 1275 3533 ,‚
1290 3472 1391 3546 quam
1420 3445 1571 3544 perfecte
1596 3444 1708 3532 forent
1738 3444 1781 3547 ab
1811 3438 1920 3546 aliis,¹

533 3544 570 3617 itt
584 3550 707 3615 zucam
725 3548 768 3616 de
784 3548 851 3618 suis
871 3550 1005 3643 hymnis
1037 3546 1188 3632 dixisse,
1247 3594 1274 3631 ‚‚
1289 3571 1482 3640 supremam
1495 3543 1625 3636 imponi
1639 3566 1773 3617 manum
1789 3537 1923 3612 deside·

533 3640 702 3736 negligere
711 3642 834 3732 ,verbs
860 3645 1025 3725 debemus,
1038 3658 1187 3741 spectare
1248 3692 1274 3727 „
1290 3663 1402 3716 tarent
1416 3692 1426 3715 .
1441 3691 1465 3727 „
1480 3644 1515 3714 S.
1532 3642 1735 3713 Ambrosius
1765 3661 1807 3710 eo
1836 3633 1915 3729 loco

531 3739 689 3835 teysteet's
703 3745 820 3833 ,apud
839 3742 963 3815 multos
978 3744 1069 3836 leges
1087 3791 1098 3813 .
1115 3742 1205 3838 Act-¹
1248 3744 1287 3812 de
1312 3742 1380 3812 suis
1409 3740 1541 3834 hymnis
1568 3760 1635 3809 non
1659 3736 1758 3832 agit,
1782 3732 1842 3807 sed
1872 3732 1915 3801 de

528 3838 579 3914 dit
606 3838 796 3912 Grancolas
836 3848 1023 3918 ‚comment
1058 3841 1187 3912 Hister.
1247 3840 1585 3934 verboPteesept‘sm
1610 3883 1624 3917 ,
1648 3859 1719 3929 quo
1746 3834 1915 3922 interpret

528 3936 684 4026 {revisa
700 3936 799 4010 libr.
814 3942 979 4037 eep.28.,
1010 3940 1184 4011 Urbanum
1248 3935 1371 4010 latinus
1392 3959 1505 4010 sactae
1519 3933 1716 4025 Scripturas
1744 3953 1823 4003 usus
1837 3943 1887 4029 est
1904 3971 1916 3997 .

530 4029 988 4122 v111.assenisse2aarres
1015 4038 1186 4110 inchoasse
1244 4035 1442 4130 „Agnovit
1472 4034 1563 4108 euim
1591 4034 1652 4105 bos
1684 4047 1924 4130 possessorem¹

525 4133 643 4230 petitu
669 4132 832 4225 hymnos,
859 4159 960 4233 quam
986 4135 1186 4231 perfecisse.
1245 4160 1385 4222 „suum
1412 4180 1427 4217 ‚
1465 4151 1502 4205 et
1530 4131 1620 4205 asina
1650 4143 1810 4228 praesepe
1834 4124 1920 4201 Do·.

529 4228 688 4305 Urbanus
715 4235 852 4325 quidem
871 4236 903 4305 in
935 4234 1185 4307 constitutione
1244 4285 1270 4321 „
1286 4232 1368 4307 mini
1381 4230 1434 4308 sui
1448 4279 1459 4301 .
1473 4231 1586 4305 lmmo
1596 4232 1806 4327 praecepisse
1821 4222 1919 4296 dixe·

526 4325 910 4420 Apostolicabreviario
921 4333 1067 4425 praefixa
1081 4332 1188 4423 loqui·
1245 4384 1270 4419 „
1286 4336 1378 4415 tim,
1405 4330 1494 4406 sicut
1535 4327 1708 4421 scripsit,
1739 4322 1800 4420 qui
1828 4339 1918 4430 traq-

528 4440 588 4500 tun
603 4422 714 4497 solum
729 4429 771 4498 de
784 4453 924 4503 suorum
942 4432 1187 4502 Praedecesso·
1245 4481 1271 4516 „
1286 4432 1385 4505 ttulit
1412 4478 1424 4503 .
1448 4426 1547 4502 Nihil
1563 4429 1653 4502 enim
1671 4428 1762 4518 apud
1782 4442 1835 4493 me
1865 4416 1919 4528 dt·

529 4521 710 4597 tumcuris
722 4524 980 4613 intefomssdo
992 4528 1187 4612 breviario,
1245 4577 1274 4615 ‚,
1290 4530 1406 4604 stet-in
1420 4529 1545 4607 verbo,
1559 4526 1652 4618 qnod
1671 4547 1737 4594 uon
1763 4517 1864 4591 distat
1881 4534 1916 4585 ιιι

528 4621 695 4702 affirmans
711 4647 753 4695 ert
768 4629 930 4700 sententis
945 4628 1081 4721 piorum
1094 4677 1106 4711 ‚
1117 4628 1186 4716 ,do-
1244 4674 1272 4713 ,‚
1286 4651 1386 4703 sensu
1416 4669 1470 4706 „.
1496 4622 1632 4694 Deinde
1649 4642 1734 4691 sero
1754 4630 1826 4713 rep.
1846 4631 1919 4710 seq.

528 4732 733 4814 statumque
755 4721 911 4799 viromnr
946 4727 980 4796 in
1009 4723 1183 4799 breviario
1244 4725 1315 4801 suis
1342 4729 1411 4811 ‘iam
1444 4720 1555 4793 verbis
1583 4718 1724 4810 loquens
1750 4728 1918 4810 terpest-

455 4813 496 4870 -t'
528 4818 745 4910 postpriruas
759 4821 1018 4897 reformationes
1047 4868 1072 4905 „
1100 4846 1184 4895 eon·
1242 4838 1344 4922 sepe,
1370 4842 1436 4892 non
1474 4818 1685 4915 praesepium
1715 4812 1802 4889 dixit
1835 4864 1847 4887 .
1875 4809 1918 4883 Et

527 4953 554 4996 η
571 4914 670 4988 cineri
697 4942 762 4991 non
792 4944 900 5012 pauca
917 4967 927 5001 ‚
942 4991 947 5000 ,
962 4944 1049 5013 quae
1065 4919 1184 5012 ¹sittes
1245 4917 1403 5015 quamvis
1430 4934 1589 4987 suctores
1612 4911 1836 4987 correctionis
1853 4909 1918 4983 Ro·

526 5014 681 5109 septimo
710 5017 827 5096 nitore
844 5018 1067 5095 institutionis
1092 5014 1186 5119 exei-
1247 5030 1530 5111 antespastus,
1559 5011 1593 5086 in
1620 5008 1822 5113 Hymettiis
1841 5008 1919 5108 MS?
