5084 6234
939 857 1593 960 ECCLESIASTICIS
1905 899 1953 958 rt

583 979 667 1100 quo
684 981 810 1107 magis
839 990 1156 1112 pateat,Deum
1181 986 1296 1105 apud
1317 990 1484 1077 Sanctos
1512 988 1732 1124 Prophetas
1748 1008 1959 1082 sacrorum

582 1112 811 1197 carminum
829 1134 956 1195 cantu
971 1109 1089 1197 luisse
1125 1108 1388 1211 delectatum,
1418 1138 1467 1194 eo
1497 1134 1648 1197 ceruus
1672 1136 1959 1227 argumentum

582 1232 853 1328 conficietur,
870 1227 1062 1315 Ecclesiae
1085 1228 1424 1315 consuetudinem
1453 1228 1497 1313 in
1515 1228 1676 1341 hymnis
1693 1229 1960 1321 concinendis

577 1358 851 1466 maximopere
876 1375 955 1431 esse
973 1347 1281 1464 approbandam
1300 1409 1311 1436 .
1329 1348 1457 1464 Igitur
1476 1346 1595 1435 aliud
1624 1347 1781 1460 Moysis
1798 1380 1959 1439 carmen

578 1465 624 1554 in
644 1473 839 1556 honorem
853 1463 935 1548 Dei
962 1467 1103 1583 legitur
1135 1467 1179 1556 in
1212 1467 1533 1556 Deuteronomio
1549 1467 1666 1584 (1)„
1694 1470 1875 1557 Locutus
1902 1479 1959 1562 ee

577 1646 608 1690 ‚‚
639 1618 733 1704 ergo
749 1586 912 1700 Moyses
943 1585 1134 1672 audiente
1158 1586 1351 1675 universo
1375 1614 1494 1675 coetu
1520 1588 1639 1675 lsrael
1668 1589 1789 1678 verba
1812 1590 1962 1675 carmi·

579 1767 608 1810 ‚,
640 1706 704 1792 nis
721 1702 866 1820 hujus,
881 1727 922 1792 et
937 1706 991 1792 ad
1007 1706 1131 1792 finem
1148 1735 1277 1820 usque
1296 1706 1692 1823 complevitzlludite
1709 1706 1807 1796 caeli
1823 1773 1837 1811 ‚
1851 1737 1958 1823 quae

578 1888 607 1929 „
637 1826 784 1941 loquor
801 1849 876 1909 etc.
908 1823 1149 1945 Opinantur
1181 1826 1302 1911 etiarn
1335 1826 1700 1944 aliqui,psalmum
1715 1825 1788 1940 89.
1817 1858 1902 1912 non
1932 1858 1960 1916 a

579 1943 771 2045 Davide,
806 1942 922 2031 seda
950 1946 1093 2057 Moyse
1116 1942 1236 2029 fuisse
1254 1946 1524 2063 compositum
1548 2008 1562 2046 ,
1590 1945 1639 2031 de
1656 1973 1741 2062 quo
1756 1945 1850 2032 vide
1867 1948 1960 2032 Me·

580 2065 776 2149 nochium
792 2062 867 2182 (2)
883 2125 894 2146 .
913 2063 1137 2151 Canticum
1149 2066 1360 2151 Debborae
1378 2129 1393 2166 ,
1409 2090 1448 2151 et
1460 2069 1587 2151 Barac
1603 2066 1775 2151 habetur
1794 2065 1837 2148 in
1855 2064 1957 2152 libro

581 2184 769 2279 ludicum
786 2182 884 2297 (3);
897 2182 1191 2286 „Cecinerunt
1207 2186 1420 2286 Debbora,
1435 2208 1476 2269 et
1490 2188 1616 2287 Barac
1632 2181 1738 2267 filius
1754 2181 1960 2271 Abinoem

578 2362 608 2403 „
639 2303 682 2385 in
700 2304 765 2388 illo
783 2301 847 2399 die
865 2366 878 2402 ,
894 2304 1069 2388 dicentes
1087 2330 1098 2385 t
1116 2302 1204 2413 Qui
1221 2329 1363 2417 sponte
1380 2301 1581 2390 obtulistis
1600 2326 1674 2386 etc.
1688 2358 1717 2399 ‚‚
1733 2300 1960 2402 Canticum

579 2422 759 2519 Annae,
780 2421 893 2531 quod
911 2419 1092 2535 incipit„
1114 2411 1321 2516 Exultavit
1345 2451 1416 2508 cor
1447 2447 1584 2503 meum
1613 2418 1658 2501 in·
1679 2418 1894 2521 Domino,
1919 2449 1961 2513 et

575 2598 605 2639 ‚,
637 2538 856 2623 exaltatum
888 2562 948 2623 est
982 2564 1123 2623 cornu
1138 2567 1274 2623 meum
1306 2544 1350 2622 in
1386 2542 1475 2622 Deo
1508 2568 1599 2622 meo
1612 2598 1644 2639 „
1662 2536 1830 2621 refertur
1857 2538 1899 2621 itt
1919 2540 1961 2623 li·

573 2658 647 2746 bro
669 2651 704 2740 i.
728 2662 824 2773 Reg.
841 2656 935 2772 (4).
974 2661 1071 2741 Non
1103 2686 1196 2772 ergo
1216 2658 1356 2747 David
1379 2658 1535 2773 primus
1560 2656 1640 2742 fuit
1656 2718 1670 2756 ,
1686 2654 1760 2769 qui
1779 2657 1957 2768 hymnos

576 2803 710 2890 sacros
741 2806 832 2863 com
850 2777 1000 2878 osuit,
1033 2778 1220 2890 quamvis
1251 2778 1406 2895 Primus
1436 2778 1599 2864 fortasse
1618 2773 1768 2875 luerit,
1792 2776 1960 2889 qui,ut

579 2896 675 2995 scite
695 2953 709 2993 ,
728 2896 886 3015 publice
903 2961 915 2997 ,
931 2925 975 2981 ac
994 2895 1219 2981 solemniter
1233 2921 1501 2996 canerentur,
1520 2892 1768 2984 instituerit.

651 3047 718 3129 13.
751 3016 796 3100 ld
815 3013 1035 3117 intellexit,
1069 3014 1247 3130 opinor,
1280 3018 1319 3099 S.
1335 3016 1517 3102 isidorus
1537 3042 1661 3114 ,curn
1674 3010 1748 3126 (5)
1761 3010 1956 3127 'scripsitt

582 3192 612 3235 „
627 3137 815 3245 Hyrnnos
833 3134 1010 3249 primum
1026 3129 1216 3217 euindem
1236 3132 1374 3221 David
1391 3134 1631 3249 Prophetam
1655 3130 1887 3217 condidisse
1906 3160 1956 3224 ac

574 3253 800 3353 „cecinisse
834 3252 1101 3338 manifestum
1119 3278 1176 3338 est
1194 3315 1206 3353 ,
1225 3252 1371 3337 deinde
1388 3279 1426 3338 et
1452 3252 1550 3337 alios
1571 3252 1789 3368 Prophetas
1804 3314 1860 3351 ,‚.
1890 3257 1956 3337 De
2015 3297 2019 3308 ’

579 3372 812 3459 cantoribus
835 3371 975 3459 David
992 3371 1148 3458 mentio
1166 3397 1274 3458 extat
1305 3371 1345 3455 in
1363 3372 1428 3457 tib.
1444 3402 1479 3455 1.
1499 3371 1665 3484 Paralip.
1691 3401 1775 3484 cap.
1790 3397 1813 3453 2
1819 3398 1856 3479 5.
1878 3368 1953 3456 ubi

573 3485 678 3573 inter
695 3491 768 3574 alia
788 3490 935 3577 dicitur
964 3519 1058 3576 vera.
1079 3523 1160 3605 7.„
1194 3491 1286 3576 Fuit
1321 3516 1455 3576 autem
1474 3516 1670 3578 numerus
1697 3516 1839 3573 eorum
1856 3514 1954 3573 cum

571 3667 601 3711 „
635 3608 826 3695 fratribus
842 3610 950 3709 suis,
966 3610 1038 3722 qui
1054 3610 1297 3697 erudiebant
1312 3610 1518 3696 canticum
1533 3609 1698 3700 Domini
1717 3605 1855 3693 cuncti
1871 3606 1958 3691 Do<

572 3789 603 3833 „
636 3756 765 3814 crores
783 3727 949 3814 ducenti
979 3728 1185 3848 octoginta
1218 3756 1357 3830 octo„
1376 3732 1489 3825 ,lam
1524 3729 1700 3812 Psalmos
1720 3725 1884 3824 David,
1914 3724 1956 3811 li-

574 3870 638 3934 cet
654 3847 778 3961 aliqui
798 3847 1003 3962 querelas,
1020 3848 1360 3943 lamentationes,
1388 3847 1723 3969 imprecationes,
1755 3868 1795 3934 et
1818 3872 1955 3929 narra-

571 3966 703 4053 tiones
718 3967 852 4057 solurn
885 3968 1259 4086 comprehendant,
1291 3966 1433 4084 maiori
1465 3993 1597 4052 tamen
1615 3995 1665 4051 err
1685 3987 1794 4086 parte
1812 3962 1953 4046 laudes

573 4084 652 4168 Dei
670 4119 738 4184 ,ac
756 4086 913 4174 Christi
940 4090 1148 4173 continere
1164 4087 1416 4205 exploratum
1436 4113 1513 4185 est3
1532 4085 1705 4200 ideoque
1734 4083 1830 4170 liber
1847 4079 1956 4165 Psal-

579 4226 736 4291 morum
753 4211 805 4296 ab
823 4205 1017 4294 Hebraeis
1029 4227 1198 4296 vocatur
1214 4206 1702 4324 SeplerTlreillim,nempe
1717 4200 1955 4316 libeerm·

574 4347 708 4405 nonin
728 4390 740 4425 ,
757 4353 804 4412 ur
818 4328 858 4409 S.
871 4323 1147 4439 Hieronymus
1162 4325 1280 4413 vertit
1298 4392 1308 4412 .
1329 4327 1500 4411 Mortuo
1519 4325 1693 4413 subinde
1712 4318 1882 4418 David,
1912 4316 1955 4401 fi-

575 4434 656 4520 lius
673 4436 759 4552 ejus
773 4447 960 4528 Salomon
990 4445 1034 4529 in
1052 4442 1265 4560 Templum
1284 4445 1452 4531 Domini
1470 4472 1493 4528 a
1509 4474 1548 4544 se
1566 4463 1846 4540 constructum
1863 4463 1957 4521 can-

575 4578 682 4664 tores
700 4558 947 4651 Psalmorum
962 4562 1152 4667 induxit,
1166 4564 1240 4679 qui
1264 4565 1488 4680 cymbalis,
1511 4562 1732 4683 psalteriis,
1762 4554 1956 4660 citharis.

1586 4684 1620 4770 B
1653 4707 1680 4768 2
1856 4706 1858 4712 ·

621 4856 1226 4966 lucta-tultum,ercapar.
1292 4870 1537 4966 ·(4)Cap.2.
1829 4956 1833 4964 Ι
1910 4952 1932 4969 ..

543 4975 545 4980 ’
620 4961 675 5153 gg
701 4957 900 5152 aggerat.
915 4964 950 5042 in
969 4967 1047 5046 Lib.
1062 4969 1228 5050 Psalmot.
1279 4969 1483 5162 “gyphus-
1498 4969 1529 5046 1.
1555 4964 1810 5044 deEeelesitst.
1827 4955 1950 5033 ofitus
