5084 6234
810 846 1647 965 Qurcuournuum·
1808 872 1895 964 trs

502 1022 584 1110 que
617 990 821 1107 querelam
849 992 898 1077 de
917 991 1188 1107 prohibitione
1207 992 1304 1079 novi
1324 990 1512 1082 breviarii
1541 987 1734 1105 prodiisse
1753 986 1895 1072 defen-

504 1113 659 1200 sionem
676 1111 812 1196 Buliae
850 1109 999 1196 Pianae
1017 1114 1257 1200 adornatam
1291 1142 1314 1196 a
1332 1108 1639 1228 Langhecrucio
1656 1170 1674 1209 ,
1699 1133 1738 1193 et
1754 1105 1895 1191 Schul-

505 1230 665 1347 tingio,
695 1232 766 1342 qui
786 1253 888 1316 certe
906 1230 1026 1346 longe
1050 1257 1141 1318 ante
1159 1229 1388 1318 Claudium
1401 1231 1565 1343 Jolyum
1589 1257 1683 1314 suas
1700 1224 1897 1314 lucubra-

502 1350 635 1438 tiones
669 1348 775 1462 typis
793 1349 1096 1439 commiserant.
1131 1347 1355 1438 Zacharias
1387 1380 1435 1437 eo
1451 1349 1538 1434 ioco
1566 1371 1773 1434 auctorem
1791 1375 1898 1431 ano·

503 1496 682 1582 nymum
697 1470 729 1554 C
728 1468 991 1555 ornulrationis
1008 1470 1205 1556 audaciae
1230 1496 1399 1588 arguere
1415 1469 1579 1559 videtur
1595 1527 1609 1567 ,
1634 1495 1756 1579 quem
1773 1490 1895 1553 antea

502 1585 669 1705 proprio
684 1616 837 1676 vocans
847 1586 1011 1675 nomine
1027 1651 1041 1691 ‚
1058 1616 1096 1677 et
1111 1587 1411 1679 Consultationir
1426 1614 1633 1675 auctorem
1650 1583 1894 1685 enuncians,

500 1705 625 1792 virum
645 1736 762 1822 neque
772 1707 914 1823 pium,
945 1738 994 1795 ac
1022 1709 1173 1793 donum
1197 1712 1323 1796 fuisse
1346 1709 1585 1794 confirmat.
1615 1703 1815 1790 Ceterum
1829 1732 1896 1790 ex·

500 1824 705 1941 ploratum
721 1852 802 1923 est,
821 1855 988 1943 operam
1005 1858 1028 1912 a
1048 1826 1292 1944 Quignonio
1310 1827 1353 1911 in
1370 1826 1570 1916 breviario
1588 1823 1892 1910 reconcinnan-

503 1940 559 2028 do
574 1942 793 2045 collatam,
824 1976 909 2031 non
927 1975 1009 2033 esse
1025 1947 1368 2061 vituperandam,
1403 1976 1449 2032 ac
1464 1971 1704 2062 magnopere
1720 1939 1893 2057 juvisse,

501 2085 552 2151 ut
566 2062 712 2149 deinde
731 2064 977 2154 breviarium
1007 2062 1137 2182 magis
1149 2093 1396 2170 correctum,
1427 2066 1632 2182 magisque
1658 2059 1893 2149 absolutum

500 2178 683 2298 prodiret
699 2244 710 2267 .
739 2184 1068 2298 Lagomarsinius
1095 2183 1180 2271 Vor.
1194 2214 1233 2271 2.
1249 2186 1376 2303 Epist.
1392 2181 1560 2305 Pogr'ani
1585 2183 1626 2269 in
1643 2179 1891 2267 annotatione

502 2327 575 2415 30.
590 2305 644 2387 ad
668 2301 785 2415 lrus‘ns
801 2302 919 2392 utam
938 2298 1158 2389 nonnullas
1174 2302 1368 2392 lectiones
1395 2334 1445 2390 ex
1475 2300 1680 2391 breviario
1697 2297 1893 2415 Quigno·

502 2417 662 2523 niano,
688 2447 727 2507 et
743 2423 931 2509 Romano
943 2426 983 2510 S.
1006 2422 1068 2506 Pii
1086 2419 1141 2507 V.
1163 2424 1391 2540 desumptas
1423 2422 1525 2509 inter
1542 2451 1583 2506 se
1606 2417 1791 2517 confert,
1817 2444 1893 2505 nec

499 2563 654 2654 semper
669 2537 856 2625 lectiones
873 2571 898 2626 a
914 2541 1095 2658 Pogiano
1121 2540 1313 2628 meliores¹
1335 2541 1461 2631 factas
1477 2540 1658 2662 exemplo
1690 2565 1740 2625 ex
1754 2532 1895 2624 lection

484 2665 487 2670 ’
504 2654 628 2744 nibus
645 2660 685 2745 S.
706 2656 907 2747 Francisci
917 2659 1043 2779 petito
1060 2659 1376 2752 animadvertit.

1115 2896 1154 3021 ς.
1203 2900 1289 2986 rr.

677 3065 921 3156 Describitur
938 3069 1132 3184 Praefirrio
1148 3071 1343 3160 Editionis
1365 3071 1511 3193 primae
1525 3064 1722 3158 Breviurii

921 3212 1140 3302 cardinatis
1166 3211 1383 3336 Quignonii
1408 3212 1430 3330 (
1456 3210 1508 3328 ).

563 3447 633 3536 Ad
648 3449 839 3539 Sanctiss.
860 3453 1048 3556 Patrem,
1076 3480 1117 3543 et
1135 3450 1192 3538 D.
1212 3455 1270 3541 N.
1285 3451 1543 3540 Paulumili.
1559 3455 1676 3538 Pont.
1696 3447 1811 3537 Max·

682 3569 899 3664 „francisci
916 3569 1152 3691 Quignonii
1166 3572 1225 3661 tit.
1242 3573 1285 3658 S.
1296 3571 1450 3662 Crucis
1467 3569 1510 3655 in
1527 3573 1655 3671 ierus

765 3690 918 3779 Presb.
944 3686 1076 3778 Card.
1104 3692 1149 3776 in
1167 3690 1422 3782 Breviarium
1439 3690 1620 3810 proxime

966 3810 1195 3899 coniectum
1213 3809 1412 3898 Praefatio
1434 3873 1450 3894 .

502 3919 778 4159 Cogitanti
797 4043 928 4156 mihi,
949 4074 1061 4172 pater
1082 4053 1295 4148 sanctiss..
1318 4076 1440 4168 atque
1459 4044 1596 4135 animo
1610 4042 1803 4173 repetenti
1819 4039 1907 4126 ini·

501 4156 715 4248 tiaveteris
740 4163 953 4272 instituti,
985 4199 1072 4286 quo
1102 4171 1305 4261 sancitum
1322 4193 1412 4286 est,
1442 4191 1491 4255 ut
1525 4161 1657 4286 clerici
1677 4162 1799 4252 sacris
1816 4158 1902 4260 ini·

502 4273 672 4374 elatine!
688 4285 934 4379 sacerdotiis
948 4290 1222 4412 praesidentes
1234 4284 1558 4408 singulisdiebus
1570 4279 1905 4403 perleganthdra·

526 4517 604 4626 ,(4)
630 4517 848 4602 Breviariunr
875 4527 1045 4602 Francisci
1072 4530 1165 4603 Cat·-
1232 4525 1373 4612 ciausa,
1399 4530 1482 4601 dum
1503 4526 1609 4597 index
1631 4516 1903 4593 accuratissimus

537 4611 1163 4726 nalisQngnonrtan1201535.typn
1232 4627 1501 4707 conficeretur,
1528 4624 1666 4693 undem
1693 4614 1904 4690 studentium
2045 4613 2057 4626 ”

499 4711 671 4806 prodiisse
703 4722 867 4799 adversus
901 4724 1068 4820 plurim
1099 4727 1163 4799 Βῐ.
1236 4725 1489 4820 punneobono
1509 4717 1648 4813 patuit.
1679 4713 1902 4789 Titulusest:

496 4809 724 4908 biographos
752 4822 857 4896 certis
884 4823 1092 4918 argumentis
1110 4849 1166 4899 eu·
1230 4826 1448 4898 breuiarium
1471 4831 1656 4908 Ramnete
1674 4837 1717 4888 ex
1729 4827 1903 4911 rampe·

499 4925 562 4996 pra
587 4914 842 4994 demonstravi.
877 4923 1006 4994 Postea·
1027 4921 1059 4993 in
1090 4946 1164 4998 earn
1229 4923 1393 4995 einim
1410 4922 1579 5014 scripture
1609 4911 1808 5011 reprobatis
1824 4935 1900 4984 sae·

498 5002 684 5087 editionem
715 5016 817 5094 incidi
851 5069 864 5103 ‚
893 5019 1093 5095 existentem
1130 5023 1164 5096 in
1228 5019 1666 5092 nonmhisreriiscrntrans
1686 5015 1909 5084 Murem.

495 5093 721 5191 &bibinen
756 5117 922 5220 Angeiica
945 5169 959 5210 ‚
984 5143 1080 5222 quae
1102 5119 1166 5200 diu
1225 5115 1793 5240 itii:pp·.90'oi..infiae,1tomee
1809 5109 1899 5228 apud
