5084 6234
578 958 626 1015 ne
659 926 897 1040 rhythmum
929 924 1145 1037 quemdam
1163 923 1364 1039 poeticum
1390 919 1677 1039 comprehendi
1718 837 1954 1009 voluntati

575 1050 682 1132 Nam
702 1045 808 1129 Reda
830 1043 873 1126 in
898 1042 1002 1129 libro
1030 1044 1077 1127 de
1100 1044 1195 1130 Arte
1213 1042 1380 1128 Mettica
1407 1047 1590 1155 Hymnos
1609 1038 1833 1154 rhythmice
1862 1063 1958 1124 tan·

573 1189 661 1251 tum
688 1159 930 1276 compositos
963 1159 1250 1275 inexemplum
1284 1189 1378 1243 cum
1404 1161 1539 1246 ceteris
1563 1157 1731 1245 metricis
1759 1157 1955 1245 adducit.

574 1278 886 1395 Guyetus(1),
913 1301 951 1362 et
983 1277 1179 1363 Meratius
1191 1275 1264 1392 (2)
1292 1278 1589 1364 distinctionem
1626 1275 1727 1361 inter
1758 1275 1958 1392 psalmos,

574 1399 871 1509 modernosque
901 1398 1084 1505 Hymnos
1119 1396 1225 1487 hanc
1255 1394 1401 1484 volunt
1427 1426 1540 1495 esse,
1572 1393 1688 1507 quod
1718 1393 1873 1507 Hymni
1904 1395 1959 1479 ad

575 1516 713 1614 diem,
732 1514 922 1600 senumve
954 1512 1163 1628 proprium
1180 1513 1379 1614 Domini,
1405 1518 1452 1600 B.
1465 1512 1644 1628 Virginis
1660 1572 1674 1611 ,
1701 1540 1772 1598 aut
1788 1515 1961 1599 Sancto-

575 1662 669 1717 rum
692 1629 1046 1726 accommodantur
1071 1660 1086 1729 ς
1116 1627 1253 1743 psalmi
1280 1658 1377 1716 vero
1408 1632 1484 1715 Dei
1516 1630 1654 1717 laudes
1686 1629 1957 1732 universales,

574 1776 917 1861 communesque,
941 1746 1003 1834 vel
1021 1745 1215 1831 mirabilia
1237 1746 1330 1858 legis
1355 1747 1544 1860 antiquae
1575 1747 1954 1863 comprehenduntz

580 1893 745 1980 uterque
775 1865 970 1950 rationem
988 1863 1176 1950 carminis
1194 1865 1341 1981 exigit.
1374 1864 1574 1977 Equidem
1604 1896 1688 1950 non
1707 1864 1856 1965 video,
1884 1894 1957 1951 cut

576 1982 711 2100 psalmi
745 1982 870 2095 aliqui
900 1982 955 2066 ad
977 1981 1075 2068 festa
1095 1981 1257 2097 propria
1283 1982 1442 2099 aptari,
1474 1984 1851 2096 accommodariquc
1886 2012 1960 2069 ne·
2057 2020 2059 2025 ·

574 2123 729 2214 queant
761 2129 888 2213 aeque
907 2129 952 2185 ac
972 2099 1106 2216 plures
1124 2099 1277 2205 Hymni
1294 2098 1444 2216 proprii
1459 2163 1473 2199 ‚
1487 2102 1560 2213 qui
1574 2125 1711 2189 extant
1736 2100 1777 2184 in
1795 2101 1962 2188 Brevia-

576 2218 668 2303 rio.
698 2222 786 2303 Hoc
819 2241 951 2301 tamen
978 2244 1128 2331 semper
1153 2216 1331 2303 intererit
1353 2215 1596 2319 discrimen,
1627 2218 1743 2331 qnod
1774 2216 1911 2333 psalmi
1940 2248 1961 2309 e

575 2333 715 2450 lingua
732 2336 917 2420 Hebraea
941 2333 1117 2419 translati
1133 2334 1323 2420 carminis
1339 2333 1536 2420 rationem
1555 2364 1640 2419 non
1664 2334 1865 2435 retinent,
1892 2365 1967 2422 ne·

574 2482 660 2566 que
693 2448 828 2534 idonei
861 2476 958 2537 sunt
980 2450 1140 2536 musicis
1170 2451 1371 2551 modulis,
1387 2452 1538 2562 quibus
1555 2450 1710 2565 Hymni
1727 2476 1852 2534 metro
1870 2515 1884 2553 ,
1901 2453 1965 2541 vel

574 2593 683 2655 certo
696 2566 940 2680 syllabarum
959 2596 1130 2653 numero
1148 2595 1377 2657 constantes
1400 2570 1670 2655 succinuntur
1691 2625 1702 2647 .
1736 2568 1844 2651 Nam
1864 2569 1965 2655 haec

538 2681 541 2686 ’
574 2709 633 2771 est
655 2683 891 2772 adhibenda
905 2683 1138 2786 distinctio,
1168 2682 1454 2774 utcontrariae
1472 2685 1691 2773 sententiae
1722 2684 1766 2769 in
1794 2714 1969 2772 concor.-

578 2802 688 2886 diam
707 2802 967 2918 redigantur,
996 2802 1114 2914 quod
1130 2804 1195 2887 alii
1211 2830 1308 2892 sunt
1326 2802 1471 2915 hymni
1490 2802 1642 2891 metrici
1662 2803 1814 2920 legibus
1829 2797 1974 2890 carmi·

578 2921 641 3005 nis
657 2919 802 3052 alligati
818 2980 832 3019 ,
849 2920 914 3005 alii
946 2918 1167 3031 rhythmici
1185 2920 1316 3008 solum
1343 2918 1571 3035 exigentes,
1589 2947 1636 3009 ut
1666 2920 1814 3055 singuli
1831 2951 1971 3009 versus

576 3035 843 3123 determrnato
874 3035 1120 3151 syllabarum
1153 3067 1326 3128 numero
1355 3038 1652 3144 includantur;
1679 3039 1854 3167 reliquae
1888 3036 1968 3157 Dei

577 3150 717 3243 laudes
731 3152 859 3240 latiori
878 3184 1001 3241 sensu
1019 3155 1174 3267 Hymni
1191 3157 1388 3245 dicuntur
1408 3215 1420 3239 .

1180 3386 1355 3507 §.ur

846 3568 940 3653 Non
956 3565 1120 3666 Graeci,
1142 3570 1209 3652 sed
1224 3569 1391 3654 Hebraei
1395 3559 1560 3676 fuerunt
1580 3566 1703 3684 primi

1023 3686 1212 3771 Auctores
1243 3686 1519 3799 Hymnorum.

573 3862 619 3947 8.
728 3857 853 3949 uibus
870 3859 924 3948 ita
938 3862 1155 3976 expositis,
1183 3861 1409 3955 videndum
1424 3859 1506 3976 jam
1520 3879 1609 3960 est,
1631 3887 1685 3943 an
1705 3855 1968 3963 Christiani,

573 3979 634 4067 uti
650 4006 792 4067 vocem
808 4042 822 4081 ,
840 3978 894 4064 ita
910 3978 1029 4064 etiam
1051 4010 1170 4065 usum
1190 3983 1443 4095 hymnorum
1464 4009 1487 4064 a
1513 3977 1678 4063 Graecis
1701 3978 1880 4093 antiquis
1898 4008 1969 4065 ac·

576 4094 777 4209 ceperint.
799 4095 1008 4213 Siquidem
1022 4122 1171 4188 veteres
1187 4097 1237 4183 illi
1254 4097 1424 4201 Graeci,
1449 4123 1496 4184 ut
1512 4124 1629 4183 erant
1646 4124 1730 4183 non
1746 4098 1884 4184 minus
1898 4124 1967 4185 va·

576 4209 624 4294 ni
638 4240 774 4297 rerum
802 4245 970 4302 suarum
985 4240 1276 4319 ostentatores,
1305 4244 1434 4331 quam
1451 4214 1692 4317 mendaces,
1724 4246 1804 4303 sese
1849 4212 1971 4301 timos

572 4328 839 4439 Hymnorum
853 4359 1039 4420 auctores
1055 4363 1136 4420 esse
1151 4335 1455 4453 gloriabantur.
1473 4331 1653 4420 Profecto
1670 4331 1971 4447 antiqurssimus

571 4442 654 4530 luit
672 4448 793 4557 apud
822 4481 891 4537 eos
909 4452 1139 4539 carminum
1168 4454 1211 4538 in
1241 4455 1441 4539 honorem
1459 4454 1643 4538 Deorum
1660 4452 1850 4539 usussub
1880 4451 1973 4563 Hy-

572 4587 768 4647 mnorum
791 4570 980 4655 nomine:
1009 4568 1238 4660 scribebant
1262 4597 1399 4658 autem
1432 4573 1535 4657 haec
1556 4569 1736 4655 carmina
1766 4564 1971 4679 multiplici

573 4678 687 4767 metri
703 4695 868 4799 genere,
887 4686 1052 4789 etDiis,
1071 4690 1318 4810 Deabusque
1330 4684 1420 4777 'suis
1441 4685 1690 4803 quibuslibet
1705 4686 1970 4773 dedicabant.

627 4853 682 4936 (ι)
711 4846 748 4916 ln
764 4845 1021 4942 Heortologia‚
1043 4849 1117 4927 rive
1141 4853 1183 4922 de
1201 4850 1262 4922 Fe«
1360 4855 1416 4939 (s)
1443 4850 1480 4919 ln
1499 4846 1602 4917 Notis
1620 4848 1664 4920 ad
1678 4847 1961 4940 Garunnparta.

578 4940 639 5021 stis
653 4943 805 5039 propriis
819 4944 920 5039 tius.
934 4965 1050 5044 caps
1310 4962 1393 5018 nect.
1411 4964 1444 5037 5.
1459 4966 1536 5038 cap.
1552 4948 1589 5015 6.
