5084 6234
893 839 1430 931 cornonun
1777 850 1860 967 gn

472 977 655 1067 Leander
684 984 830 1100 partim
848 981 1104 1097 exposuerit,
1138 981 1282 1098 partim
1301 980 1634 1098 praenunciant,
1663 980 1763 1068 nihil
1783 1016 1856 1071 ne·

474 1122 575 1182 cesse
592 1126 649 1187 est
680 1131 782 1185 ame
814 1102 1040 1186 distinctius
1071 1102 1405 1204 commemorati3
1432 1132 1521 1189 eam
1535 1101 1643 1187 enim
1663 1100 1859 1220 integram

473 1206 512 1327 ᾗ.
533 1218 579 1297 ll.
611 1219 748 1319 dabo,
787 1245 831 1304 ur
848 1218 1078 1336 gravissima
1094 1219 1238 1336 egregii
1274 1223 1460 1306 noctoris
1487 1219 1723 1305 auctoritate
1743 1221 1860 1338 apud,

477 1357 630 1446 aequos
661 1338 823 1433 ludices
869 1339 1095 1425 evidentem
1148 1338 1340 1453 propositi
1384 1338 1461 1423 mei
1498 1336 1708 1423 utilitatem
1742 1340 1861 1428 evin-

477 1476 592 1536 cam.
633 1458 695 1538 De
719 1487 801 1570 qua
830 1456 1037 1558 Humilia,
1060 1455 1162 1544 tertii
1179 1456 1357 1541 Concilii
1372 1454 1560 1541 Toletani
1577 1455 1673 1541 calci
1708 1456 1859 1576 adiunsf

477 1594 541 1654 cta
569 1632 582 1670 ,
615 1572 912 1686 quidsenserit
945 1575 1132 1662 historiae
1157 1574 1440 1662 ecclesiasticae
1471 1603 1615 1691 parens
1652 1572 1862 1662 Cardina-

472 1681 521 1771 lis
553 1690 785 1795 Batonius,
804 1694 997 1812 placitum
1022 1693 1120 1777 mihi
1154 1719 1212 1778 est
1243 1755 1255 1792 ‚
1287 1717 1334 1776 ut
1365 1693 1533 1779 reseram
1563 1726 1576 1794 ;
1603 1722 1858 1804 quamquam
1932 1774 1935 1780 .

474 1805 583 1892 enim
616 1809 853 1927 elegantiam
870 1810 990 1924 styli,
1022 1808 1403 1926 qualemfrustrain
1434 1809 1520 1924 ejus
1555 1812 1744 1925 temporis
1759 1812 1856 1897 scri·

473 1924 660 2036 ptoribus
680 1929 929 2044 quaesieris,
960 1931 1065 2015 inea
1083 1929 1281 2016 desiderat
1297 1991 1310 2030 ,
1326 1929 1410 2018 vim
1430 1954 1565 2015 tamen
1582 1994 1594 2029 ,
1622 1927 1858 2017 efficaciam·

472 2069 553 2151 que
573 2048 778 2134 rationum
790 2078 1041 2167 summopere
1058 2047 1379 2166 commendatud
1385 2078 1538 2165 *annum
1557 2050 1774 2161 589.n.2o.
1789 2049 1852 2139 his

471 2165 631 2250 verbis.
666 2169 724 2252 lto
754 2170 949 2285 peroravit
967 2189 1060 2254 nnte
1092 2168 1284 2282 Spuodutn
1318 2169 1362 2250 S.
1379 2169 1549 2253 Leander
1581 2167 1751 2282 simplici
1763 2203 1786 2269 ,·
1816 2175 1862 2256 et.-
1905 2211 1907 2216 ·

468 2277 638 2393 impolito
671 2290 769 2403 srplo
801 2351 814 2387 ‚
847 2306 891 2370 ut
917 2287 1032 2373 seculi
1061 2286 1177 2399 hujus
1209 2284 1381 2367 barbarie
1412 2284 1638 2371 silvescentia
1688 2286 1854 2397 conditio

457 2388 639 2502 firednt,
670 2407 739 2488 sed
766 2403 896 2491 diuina
913 2404 1070 2491 scientia
1097 2402 1205 2488 valde
1233 2396 1396 2509 referto,
1429 2424 1467 2483 er
1483 2402 1674 2514 snpientia
1694 2402 1854 2518 mirifice

466 2539 683 2621 exornato,
708 2520 830 2608 instar
844 2522 992 2608 arboris
1010 2522 1095 2609 licet
1112 2518 1249 2606 cortice
1279 2519 1473 2619 durioris,
1504 2541 1632 2603 tamen
1644 2532 1848 2633 pomorum

459 2638 714 2746 pendulorum
736 2638 1000 2750 foecunditate
1026 2637 1330 2757 pulcherrimae.
1359 2640 1457 2722 Non
1491 2660 1627 2723 tamen
1656 2638 1759 2723 adeo
1776 2637 1855 2723 im-

466 2753 616 2864 politus
647 2785 705 2846 est
735 2762 872 2870 stylus
890 2759 1095 2861 Leandri,
1127 2781 1175 2843 ut
1193 2754 1237 2837 id
1271 2756 1473 2841 Batonius
1507 2785 1742 2874 exaggerare
1781 2758 1853 2843 de-

468 2869 628 2979 buerit.
661 2880 873 2990 Siquidem
902 2908 1033 2992 neque
1065 2873 1254 2962 Leandro
1292 2873 1486 2991 elegantia
1513 2875 1674 2992 penitus
1710 2876 1821 2963 deest
1833 2939 1857 2982 ,.

468 3016 601 3104 neque
627 3024 675 3079 ea
711 2998 898 3083 abundat
928 2997 1169 3082 Batonius.
1343 3062 1345 3066 -
1474 3034 1476 3036 ·
1813 3029 1815 3034 ·
1851 3063 1855 3070 -

476 3155 485 3169 ·
528 3138 567 3192 2.
632 3112 761 3226 Igitur
791 3114 891 3196 illud
921 3111 1135 3199 dumtaxat
1162 3109 1260 3196 milti
1277 3112 1572 3201 elaborandum
1586 3141 1645 3203 est
1662 3178 1677 3217 ,
1693 3142 1740 3205 ut
1758 3117 1852 3206 bre·

464 3224 570 3312 viter
597 3229 909 3332 demonstrem,
943 3229 1166 3317 maximum
1199 3293 1212 3331 ,
1250 3261 1298 3318 ac
1327 3231 1528 3351 singulare
1556 3234 1851 3350 beneficiuma

462 3342 619 3463 Deoin
644 3352 760 3439 tertio
784 3349 985 3438 Toletano
1014 3346 1207 3438 Concilio
1239 3350 1399 3437 nationi
1435 3352 1640 3469 Hispanae
1658 3353 1858 3465 collatum-

464 3460 657 3578 idoneam
686 3465 850 3561 causam
884 3501 964 3559 esse
994 3471 1296 3584 ,quamobrem
1342 3498 1391 3558 ex
1424 3501 1538 3574 usu,
1570 3498 1849 3588 perpetuaque

463 3584 659 3675 Ecclesiae
694 3591 991 3680 consuetudine
1027 3589 1111 3675 dies
1150 3588 1317 3689 festus,
1352 3591 1622 3704 solemnisque
1659 3588 1851 3682 Cori‘ver'-¹

462 3702 592 3791 sionis
619 3705 853 3798 Gothorum
884 3731 1176 3796 consecretur.
1218 3706 1335 3791 Teste
1367 3739 1464 3798 vero
1496 3734 1589 3793 utar
1618 3706 1866 3821 locupletis-.

463 3821 595 3927 aimo,
616 3830 736 3914 Ven.
758 3827 971 3917 Cardinali
986 3828 1159 3944 josepho
1176 3825 1311 3911 Maria
1333 3826 1585 3925 thomasio,
1604 3823 1857 3914 novitatibus

464 3936 658 4032 festorum
688 3948 935 4037 inducendis
966 3944 1137 4033 maxime
1156 3943 1348 4049 infenso,
1380 3972 1503 4060 atque
1536 3974 1585 4031 ex
1612 3972 1661 4029 eo
1687 3941 1776 4031 loco
1794 3968 1856 4030 te-

463 4060 701 4153 stimonium
739 4069 966 4185 proferam,
998 4065 1069 4154 nbi
1101 4065 1146 4148 in
1176 4062 1317 4180 primis
1345 4096 1385 4152 se
1412 4065 1618 4150 infensum
1651 4060 1865 4183 ostendit't:

464 4176 659 4267 nimirum
675 4217 724 4275 ex
745 4188 977 4307 Suffragio,
1011 4184 1127 4300 quod
1160 4182 1204 4267 in
1220 4184 1309 4270 Sao.
1329 4184 1409 4270 Rir.
1439 4181 1769 4385 Congregatione
1787 4188 1858 4267 t'u·

464 4293 541 4399 lit,
573 4330 624 4385 ne
641 4302 788 4392 festum
805 4307 847 4389 in
865 4309 1065 4391 honorem
1081 4302 1212 4388 Patris
1227 4300 1397 4403 Aeterni
1412 4303 1596 4390 celebran
1630 4332 1699 4386 um
1719 4298 1859 4385 admit'·

465 4438 617 4504 teretur
634 4486 647 4523 ,
663 4424 777 4535 quod
797 4456 818 4509 a
843 4425 1064 4512 Beneditto
1076 4419 1194 4509 XIV.
1213 4419 1384 4508 relatum
1400 4446 1457 4509 est
1484 4420 1566 4508 tit.
1583 4448 1624 4532 4.
1642 4421 1688 4502 de
1703 4411 1859 4524 Beottsss
1953 4492 1957 4499 -

464 4556 502 4617 et
535 4538 755 4658 Cataoniam.
775 4547 857 4627 Ser.
877 4547 957 4629 Det·
965 4563 1073 4660 part.
1090 4572 1129 4627 2.
1148 4573 1235 4659 cap.
1254 4571 1323 4657 31.
1340 4571 1448 4626 num.
1469 4568 1511 4653 4.
1535 4539 1629 4623 ,Ad
1644 4536 1742 4622 dunt
1759 4593 1774 4633 2
1791 4532 1860 4632 itt-,-

464 4655 589 4770 quit,
616 4660 858 4777 potissimum
890 4691 1059 4763 cnutus,
1089 4661 1148 4749 uel
1181 4689 1257 4748 tres
1273 4681 1499 4746 revocantur
1527 4686 1552 4739 a
1586 4652 1765 4738 Patribus
1794 4649 1859 4737 itt·

465 4775 678 4865 stitutiortes
699 4777 951 4889 festivitatum
984 4782 1148 4867 Domini
1163 4817 1175 4869 t
1190 4811 1267 4866 unu
1287 4782 1339 4865 od
1365 4776 1565 4864 tollendum
1591 4768 1773 4882 desidiam
1791 4799 1871 4857 ne-.

465 4890 747 5011 gligemiorum.
768 4898 966 4985 hominum
991 4928 1003 4983 t
1030 4899 1148 4985 ultera
1181 4901 1228 4984 ob
1254 4894 1567 4986 consecrationem
1587 4890 1710 5009 ipstun
1724 4916 1869 4976 terto·

466 5039 549 5102 runt
573 5017 719 5111 dicrum
752 5050 807 5111 ex
838 5020 1008 5142 patratis
1038 5016 1233 5113 miraculis
1261 5053 1275 5105 ε
1307 5043 1345 5104 er
1375 5014 1488 5104 tertio
1513 5011 1570 5101 'orl
1601 5008 1867 5103 renovandam.
