5084 6234
943 802 1583 904 acccusrnsrrcrs
1902 811 1965 923 ay

580 942 753 1040 similiter
770 971 970 1030 canonem
989 942 1167 1029 Concilii
1182 948 1403 1034 Laodiceni
1418 979 1556 1035 contra
1574 949 1754 1063 plebeos,
1769 969 1808 1033 et
1829 947 1965 1063 vulga-

576 1097 635 1154 res
657 1070 830 1180 hymnos
847 1062 1035 1151 adversus
1052 1064 1221 1151 Paulum
1247 1070 1554 1154 samosatenum
1581 1067 1801 1183 prodiisse,
1827 1068 1962 1181 (nam

575 1210 796 1299 utrumque
823 1208 1023 1268 canonem
1055 1179 1190 1269 Flotez
1221 1186 1262 1267 io
1281 1188 1433 1270 bonam
1468 1210 1621 1301 partem
1657 1186 1865 1302 accipit),
1889 1184 1960 1287 id,

577 1304 777 1417 inquam,
811 1300 853 1382 in
872 1300 1010 1414 primis
1041 1300 1261 1387 admodum
1292 1302 1489 1388 incertum
1518 1328 1606 1403 est,
1637 1304 1698 1389 vel
1724 1305 1858 1420 potius
1883 1302 1960 1387 ial-

574 1452 693 1509 sum.
727 1419 885 1507 Etenim
902 1418 1000 1501 nihil
1030 1444 1086 1503 est
1114 1450 1287 1523 causae,
1314 1450 1387 1505 cur
1424 1425 1554 1507 Patres
1583 1426 1842 1511 Bracarenses
1875 1423 1955 1534 hy-

574 1569 720 1628 mnum
740 1541 836 1634 Jesu
855 1534 1007 1622 Christi
1028 1538 1268 1642 confictum,
1288 1566 1410 1654 quem
1430 1540 1744 1629 Priscillianistae
1762 1543 1958 1629 absconde·

572 1658 669 1742 bum
680 1656 842 1772 potius,
873 1656 1272 1775 quameuulgahtmr,
1305 1688 1399 1772 prae
1430 1660 1557 1745 oculis
1589 1660 1776 1753 habuisse
1815 1660 1959 1745 dican-

574 1796 671 1874 tur,
695 1800 790 1858 cum
822 1772 919 1856 nihil
932 1773 1077 1888 poetice
1107 1777 1352 1889 compositum
1387 1776 1429 1859 in
1457 1778 1608 1863 ecclesia
1636 1781 1847 1864 canendum
1876 1804 1957 1862 esse

580 1891 851 1977 decernebant
864 1891 1023 2005 (a).lta
1040 1892 1158 1976 etiam
1175 1892 1395 1978 Laodiceni
1413 1896 1545 1980 Partes
1577 1895 1734 1981 insania
1756 1895 1868 1980 Pauli
1884 1899 1959 1981 Sa-

581 2008 802 2108 mosateni,
834 2039 940 2121 quae
973 2010 1107 2098 seculo
1121 2010 1375 2125 praecedenti
1405 2012 1449 2095 in
1479 2012 1670 2100 Concilio
1694 2014 1962 2101 Antiocheno

578 2126 710 2230 fuerat
739 2157 993 2242 compressa,
1018 2130 1184 2245 permoti
1220 2130 1341 2216 fuisse
1374 2160 1460 2214 non
1475 2129 1695 2231 videntur,
1724 2160 1770 2220 ut
1785 2131 1958 2247 psalmos

578 2244 789 2361 vulgares,
823 2243 1052 2361 et'plebejos
1073 2246 1364 2360 prohiberent.
1399 2248 1554 2330 Deinde
1578 2248 1665 2334 licet
1683 2249 1863 2348 isthaec,
1895 2250 1959 2339 vel

578 2362 658 2448 alia
676 2362 888 2447 consimilis
905 2393 1026 2449 causa
1048 2369 1177 2448 Patres
1198 2363 1409 2476 utriusque
1422 2362 1600 2447 Concilii
1619 2367 1881 2479 compulerit,
1912 2390 1962 2451 ut

583 2510 741 2567 novum
758 2480 922 2593 aliquod
939 2475 1143 2567 decretum
1161 2482 1265 2567 circa
1284 2482 1458 2593 hymnos
1476 2483 1658 2565 humano
1677 2481 1840 2597 ingenio
1854 2512 1961 2565 com-

580 2597 733 2714 positos
754 2601 1106 2713 pronunciarent,
1140 2624 1275 2686 tamen
1304 2597 1670 2716 probabilissimum
1698 2625 1787 2699 est,
1814 2599 1960 2711 quod,

581 2714 682 2799 dum
697 2716 926 2834 periculum
952 2747 1071 2801 omne
1090 2711 1258 2833 effugere
1295 2743 1497 2802 conantur
1516 2783 1529 2818 ,
1558 2717 1697 2804 falcem
1714 2718 1770 2802 ad
1782 2716 1963 2803 radicem

581 2837 874 2949 apposuerint,
901 2865 945 2920 ac
964 2836 1142 2921 carmina
1158 2835 1297 2920 omnia
1324 2837 1377 2921 ab
1394 2835 1665 2923 ecclesiasticis
1682 2835 1894 2935 coetibus,
1922 2862 1964 2923 et

579 2953 768 3040 cantibus
795 2953 1054 3071 expulerint,
1088 2953 1266 3067 nihilque
1301 2952 1412 3037 aliud
1427 2980 1580 3068 praeter
1593 2952 1818 3069 Scripturas
1836 2981 1965 3037 cano-

580 3070 695 3156 nicas
711 3070 982 3174 admiserint3
1015 3075 1129 3188 quod
1146 3076 1268 3160 verba
1294 3072 1378 3187 ipsa
1393 3100 1601 3156 canonum
1617 3072 1867 3171 ostendunt,
1898 3070 1966 3152 ni-

579 3188 616 3282 si
633 3186 767 3301 aliqua
780 3190 955 3280 violenta
978 3190 1242 3306 explicatione
1274 3191 1352 3275 alio
1373 3189 1726 3302 detorqueantur.
1760 3185 1963 3274 Credide-¹

588 3303 694 3406 rim,
725 3309 854 3396 Patres
885 3308 1063 3394 Concilii
1080 3308 1330 3397 bracarensis
1365 3331 1505 3391 contra
1536 3306 1852 3395 consuetudines
1879 3335 1966 3389 mo·

587 3424 813 3511 nachorum
846 3428 959 3510 hunc
995 3428 1043 3511 de
1077 3426 1239 3539 hymnis
1255 3453 1463 3513 canonem·
1482 3427 1736 3525 condidisse;
1768 3454 1864 3507 nam
1894 3453 1965 3508 ca-

588 3569 672 3626 non
708 3544 741 3625 l.
764 3546 863 3630 haec
901 3546 1049 3631 haber.
1075 3544 1223 3632 Placuit
1246 3544 1418 3630 oninihus
1449 3544 1642 3627 communi
1673 3570 1881 3640 consensu,
1920 3566 1966 3626 ut

584 3689 712 3762 unus,
739 3688 854 3776 utque
885 3662 983 3746 idem
1010 3662 1199 3778 psallendi
1225 3664 1326 3747 Ordo
1350 3662 1392 3745 in
1425 3662 1651 3759 matutinis,
1671 3691 1720 3743 nc
1747 3658 1964 3773 vespertinis

584 3777 716 3883 officiis
742 3807 946 3879 tenentum
967 3808 1094 3868 ernon
1108 3778 1305 3877 diversae,
1335 3809 1381 3862 nc
1407 3774 1608 3889 priuatae,
1637 3805 1756 3888 neque
1769 3794 1963 3859 monaste-

582 3896 726 3983 riorum
743 3897 1029 3984 consuetudines
1041 3928 1125 3983 cum
1142 3895 1385 3982 ecclesiastica
1403 3894 1550 4011 Regulo
1567 3895 1645 3980 siut
1655 3891 1868 4007 permixtae
1887 3953 1896 3973 .

649 4018 744 4102 108.
759 4016 877 4104 Sicui
893 4043 1028 4105 tamen
1053 4013 1263 4133 benignior
1292 4012 1524 4101 Canonutu
1554 4010 1829 4132 interpretatio
1860 4010 1966 4098 arri·

642 4197 694 4270 (a)
717 4193 767 4265 Ex
782 4197 959 4268 versculis
972 4197 1092 4291 hymni
1107 4193 1244 4265 Priscil-

589 4283 824 4372 lianrstarum,
853 4318 940 4387 quos
969 4297 1004 4365 S.
1033 4292 1244 4385 Augustinus

588 4384 749 4477 profert,
776 4414 955 4479 agnoscere
984 4394 1097 4483 potuit
1129 4390 1243 4461 Flore·

588 4483 690 4566 zius,
705 4507 785 4566 eum
804 4490 966 4582 hymnum
982 4516 1047 4560 non
1061 4490 1163 4560 fuisse
1175 4503 1248 4582 poe·

589 4581 722 4662 ticum,
753 4605 810 4657 aut
838 4590 1034 4668 metricum,
1065 4588 1091 4656 si
1112 4584 1248 4656 faculta-

589 4692 661 4750 tem
689 4684 860 4769 poericam
905 4682 1081 4755 callebat.
1111 4684 1173 4752 Sed
1207 4703 1249 4751 ex

589 4773 750 4887 pluribus
766 4786 836 4865 ejus
849 4780 1010 4852 historiae
1030 4780 1113 4849 locis
1129 4801 1249 4868 argum

587 4894 698 4964 ipsum
736 4878 941 4949 sublimibus
973 4876 1123 4949 scientiis
1143 4874 1251 4945 multo

590 4971 722 5064 mgis,
738 5001 838 5072 quam
858 4981 908 5048 hrs
922 4974 1112 5048 levioribus
1128 4971 1253 5042 doctri·

1310 4194 1360 4266 nis
1395 4192 1501 4263 fuisse
1528 4193 1729 4265 excultum.
1761 4187 1963 4269 Versiculi,

1310 4293 1384 4364 eive
1399 4294 1500 4361 verba
1515 4292 1631 4385 hymni
1648 4308 1746 4363 sunt:
1765 4287 1898 4358 Solvere
1909 4308 1965 4356 uo·

1315 4391 1374 4473 lo,
1400 4406 1434 4464 er
1452 4390 1540 4461 solvi
1565 4390 1670 4463 uolo.
1704 4387 1842 4459 salvare
1858 4383 1964 4468 uolo,

1316 4504 1348 4559 er
1376 4489 1505 4558 salvari
1531 4490 1609 4558 uolo
1634 4539 1645 4559 .
1674 4488 1836 4574 Plangere
1857 4479 1965 4561 volo,

1318 4587 1447 4655 tundite
1465 4606 1525 4653 vos
1541 4608 1676 4652 omnes.
1705 4589 1833 4647 ornare
1854 4576 1961 4658 volo,

1318 4699 1350 4753 er
1368 4680 1481 4751 ornari
1497 4679 1602 4751 uolo.
1633 4686 1780 4745 Lucerna
1795 4696 1866 4742 sum
1880 4671 1942 4741 ribi
1951 4720 1965 4755 ,

1320 4780 1376 4849 ille
1392 4780 1451 4872 qui
1466 4799 1516 4846 me
1530 4776 1648 4845 eides.
1682 4778 1786 4845 Ianua
1805 4794 1876 4841 tum
1893 4770 1966 4854 ribi,

1319 4877 1517 4971 quicumque
1531 4896 1580 4941 me
1591 4870 1703 4968 pulsas
1719 4919 1729 4939 .
1757 4872 1830 4959 Qu
1846 4869 1968 4947 vides,

1323 4973 1411 5068 quod
1427 4995 1491 5067 ago
1509 5019 1520 5055 ‚
1543 4992 1618 5044 ‘rare
1633 4987 1730 5069 opera
1745 4992 1845 5040 mea.
