5084 6234
586 857 641 953 30
991 823 1110 911 'DE
1172 825 1530 915 HYMNIS

579 965 771 1086 congerat
786 961 940 1052 Natalis
956 961 1186 1051 Alexander
1201 963 1296 1080 (1),
1313 968 1606 1056 eruditissimus
1627 967 1689 1055 ille
1705 970 1871 1085 quidem
1889 974 1962 1060 ΗΞ·7

579 1090 777 1189 storicus‚
795 1084 866 1169 sed
882 1109 964 1170 tam
977 1084 1103 1170 facilis
1119 1082 1161 1166 in
1178 1084 1355 1170 Gentiles
1381 1117 1477 1181 suos
1495 1149 1509 1186 ,
1530 1117 1654 1202 quam
1671 1118 1832 1179 severus
1845 1091 1956 1177 criti·

579 1208 712 1297 cusin
733 1204 915 1291 nationes
942 1229 1181 1290 extraneas.
1218 1203 1393 1315 Hymnis
1409 1208 1448 1290 S.
1468 1205 1670 1319 Dionysii·
1688 1206 1953 1325 Areopagitae

581 1326 861 1414 auctoritatem
877 1321 1097 1408 conciliant
1110 1347 1207 1404 cum
1223 1318 1348 1434 aliqui
1360 1324 1427 1407 SS.
1447 1328 1608 1426 Patres,
1638 1324 1712 1439 qui
1730 1323 1823 1441 ejus,
1834 1316 1956 1444 opera

581 1445 780 1544 laudant,
794 1467 881 1529 tum
898 1438 1138 1526 nominatim
1154 1440 1193 1522 S.
1217 1435 1503 1527 Damascenus
1520 1503 1534 1539 ,
1551 1442 1626 1556 qui
1639 1446 1828 1553 Hymnos
1842 1444 1957 1566 Apo·

579 1563 774 1651 stolorum
806 1589 856 1648 ex
874 1555 1116 1673 Areopagita
1136 1583 1423 1644 commemorat
1444 1561 1490 1641 de
1506 1559 1745 1647 Dormirione
1758 1562 1959 1677 Deiporm

577 1710 698 1800 prope
704 1680 826 1798 sanem
838 1739 866 1780 ,‚
881 1676 986 1762 Viso.
999 1703 1114 1763 sacro
1129 1704 1293 1797 corpore
1310 1673 1563 1793 (Deiparae)
1587 1677 1737 1795 placuit
1753 1679 1964 1780 omnibus,

579 1859 607 1900 „
639 1792 762 1917 prout
787 1797 960 1915 quisque
978 1817 1154 1911 poterat,
1172 1794 1350 1909 hymnis
1362 1792 1557 1885 celebrare
1574 1797 1776 1883 infinitam
1796 1796 1962 1882 bonita-

579 1980 608 2019 „
644 1941 724 2001 tem
738 1918 899 2007 diuinae
917 1910 1116 2029 potentiae
1134 1972 1163 2009 „
1178 1916 1311 1998 Locus
1325 1913 1391 1998 hic
1409 1914 1645 2032 desumptus
1668 1940 1792 2002 estex
1808 1942 1893 2028 cop.
1915 1944 1957 2028 3.

574 2038 623 2118 de
643 2035 796 2121 Divinis
827 2031 1066 2129 nominibus,
1098 2029 1168 2115 ubi
1185 2029 1299 2117 addit
1325 2032 1366 2114 S.
1385 2029 1625 2147 Dionysius,
1640 2037 1680 2119 S.
1695 2032 1958 2129 Hierotheum

578 2180 669 2268 post
685 2150 902 2267 Apostolos
939 2147 1074 2234 ceteris
1092 2146 1287 2235 omnibns
1315 2149 1584 2240 antecelluisse
1603 2152 1739 2239 Divini
1754 2151 1962 2266 Hymnole*

575 2270 624 2386 gi
640 2271 757 2354 laude
779 2269 999 2387 insignem,
1016 2292 1054 2350 et
1069 2265 1109 2347 S.
1124 2263 1387 2356 Timotheum
1413 2268 1647 2382 huJusmodi
1663 2270 1813 2362 divinas
1831 2270 1952 2382 Hpm-
2049 2276 2052 2279 ⁴

577 2388 712 2473 nudior
746 2413 877 2472 mente
919 2383 1158 2470 retinuisse.
1191 2385 1269 2469 Sed
1301 2384 1416 2500 longe
1454 2412 1545 2470 ante
1566 2388 1614 2473 de
1650 2384 1953 2472 Praedicatione

578 2505 618 2587 S.
636 2508 775 2602 lacobi
793 2508 835 2588 in
853 2501 1050 2618 Hispania
1068 2562 1081 2599 ,
1099 2528 1225 2613 quam
1243 2526 1363 2617 negat
1379 2500 1534 2587 Natalis
1552 2567 1566 2605 ,
1586 2504 1627 2588 in
1646 2502 1820 2589 Ecclesia
1841 2531 1958 2588 men-

577 2622 730 2709 tionem
744 2621 892 2710 factam
911 2617 1083 2718 constat,
1097 2645 1223 2730 quam
1242 2619 1291 2702 de
1309 2618 1543 2739 &Dionysii
1562 2619 1828 2740 Areopagitae
1850 2615 1958 2735 Ope·

574 2739 715 2841 ribus,
733 2769 839 2852 quae
858 2741 964 2824 idem
975 2764 1145 2829 asserere
1160 2797 1173 2837 ,
1188 2764 1227 2825 et
1241 2736 1454 2829 defendere
1470 2766 1641 2834 conatur
1659 2804 1671 2831 ,
1722 2814 1724 2817 ,

637 2857 707 2975 36.
738 2858 873 2947 Multo
906 2854 1139 2957 efficacius,
1171 2881 1211 2946 et
1235 2854 1482 2948 luculentius
1513 2855 1767 2971 antiquitatis
1799 2883 1953 2940 monu-

571 3002 756 3064 mentum
770 3004 902 3064 extare
921 2973 1108 3062 nonnulli
1126 3000 1275 3093 putant
1290 2975 1332 3063 in
1364 2974 1615 3067 celeberrima
1638 2973 1809 3093 Epistola
1832 2973 1953 3059 Plinii

572 3097 751 3195 Junioris
767 3125 788 3179 e
804 3087 994 3208 Bithynia
1012 3092 1066 3178 ad
1079 3089 1306 3209 Traianum¹
1322 3093 1439 3178 missa
1458 3124 1472 3193 ς
1504 3121 1611 3203 quae
1626 3094 1714 3182 licet
1730 3122 1842 3179 anno
1861 3094 1952 3178 Do·
2059 3158 2073 3181 .

573 3215 673 3299 mini
696 3238 789 3329 103.
808 3214 900 3297 data
918 3211 1070 3310 luerit,
1101 3233 1234 3300 tamen
1257 3214 1304 3303 de
1318 3211 1434 3303 solitis
1460 3210 1796 3300 Christianorum
1828 3207 1958 3297 mora?

573 3336 672 3431 bus,
688 3355 727 3419 et
743 3330 1011 3419 conventibus
1026 3327 1239 3440 loquitur,
1270 3357 1376 3438 quos
1390 3328 1472 3443 jam
1495 3330 1650 3444 pridem
1672 3331 1713 3413 in
1734 3362 1813 3417 usu
1830 3328 1953 3415 luisse

571 3451 798 3568 significat,
815 3474 854 3535 et
871 3448 913 3532 in
932 3473 1036 3562 quos
1055 3446 1135 3565 ipse
1154 3447 1360 3561 diligenter
1377 3446 1613 3564 inquisierat
1636 3449 1757 3536 etiam
1773 3473 1868 3543 ante
1887 3445 1957 3529 da·

572 3591 636 3653 tae
657 3568 854 3685 Epistolae
871 3592 1051 3684 tempus:
1075 3564 1326 3680 proindeque
1348 3564 1402 3648 ad
1420 3562 1599 3680 primum
1626 3564 1822 3660 Ecclesiae
1839 3591 1957 3652 secu-

574 3684 660 3769 lum
675 3683 995 3773 consuetudines
1024 3680 1357 3773 Christianorum
1383 3682 1553 3768 aPlinio
1569 3683 1826 3801 investigatae
1859 3709 1954 3766 c0n⁴

570 3829 762 3919 gruenter
782 3801 1038 3892 accomodari
1056 3824 1207 3915 posunt
1224 3862 1234 3885 .
1258 3801 1317 3887 lta
1333 3828 1426 3915 ergo
1442 3801 1595 3887 Plinius
1608 3802 1681 3919 (2)
1695 3865 1724 3904 „
1740 3838 1751 3887 ε
1768 3800 1958 3887 Affirma-

572 3981 600 4023 ,‚
632 3925 731 4009 bant
751 3919 885 4010 autem
909 3917 1188 4036 (christiani),
1218 3923 1325 4005 hanc
1349 3917 1469 4006 fuisse
1495 3950 1698 4032 summam
1728 3921 1790 4009 vel
1814 3917 1956 4033 culpae

572 4090 603 4143 3,
632 4065 765 4141 suae,
791 4042 853 4129 vel
884 4037 1059 4137 erroris,
1086 4040 1187 4150 quod
1216 4039 1460 4125 essem'soliri
1483 4064 1588 4126 stato
1620 4040 1684 4123 die
1717 4066 1808 4125 ante
1825 4038 1957 4134 lucem.

573 4210 604 4259 „
634 4155 854 4247 convenire
871 4222 884 4259 ,
914 4183 1137 4269 conataque
1153 4154 1299 4243 Christo
1314 4157 1433 4268 quasi
1451 4160 1540 4242 Deo
1556 4157 1686 4244 dicere
1702 4186 1839 4253 secum
1856 4152 1960 4251 invi·

574 4332 603 4377 „
635 4303 764 4375 cem„
782 4275 946 4391 sobjiei
967 4274 1109 4385 nequit
1125 4272 1253 4359 Plinio
1271 4273 1572 4390 diligentissimo
1596 4274 1728 4373 ludici
1747 4336 1761 4375 ‚
1793 4300 1834 4362 et
1852 4272 1959 4371 Scri«

572 4393 703 4509 ptori,
720 4394 838 4506 quod
854 4389 1124 4511 ignoraverit,
1143 4392 1246 4502 quid
1264 4393 1368 4482 inter
1384 4393 1644 4490 Christianos
1660 4416 1864 4511 ageretur,
1884 4412 1957 4475 aut

577 4510 683 4621 quid
697 4541 778 4601 vote
795 4514 955 4600 Carmen
966 4506 1188 4627 significet.
1218 4509 1364 4621 Aliqui
1379 4510 1546 4613 dicunt,
1576 4515 1769 4613 Carmen,
1800 4507 1954 4615 dequo

579 4628 768 4740 loquitur
781 4631 934 4718 Plinius
947 4691 962 4731 ‚
977 4626 1079 4715 nihil
1097 4626 1210 4714 aliud
1223 4626 1344 4716 luime
1360 4689 1374 4729 ,
1391 4628 1467 4717 nisi
1485 4633 1690 4743 hymnum
1703 4623 1960 4741 angelicum.

639 4914 694 5000 (t)
723 4905 857 4978 Histor.
904 4905 1034 4980 Eccles.
1075 4908 1234 4981 secull.
1294 4906 1713 4984 tione22.adsecut.1.·

576 5024 652 5099 cap.
675 5028 731 5080 ιι.
751 5007 910 5093 articus.
932 5005 1235 5081 ettotaDisrertt·
1341 5013 1399 5105 (ι)
1423 5009 1464 5085 ln
1478 5009 1584 5105 Epist.
1601 5025 1682 5086 ror.
1697 5000 1758 5075 lib.
1776 5022 1836 5076 ιο.
