5084 6234
833 812 1472 907 recisurasrrcrs
1785 853 1841 942 53

462 959 527 1087 jus
559 961 682 1051 dictio
717 960 758 1046 S.
775 954 918 1043 Hilarii
955 986 1040 1043 non
1070 960 1260 1062 videtur,
1288 986 1335 1046 ut
1367 960 1515 1049 ibidem
1549 956 1763 1046 asseritur.
1797 965 1845 1048 ln

463 1080 724 1199 Hymnario‚
749 1074 865 1191 quod
890 1077 1016 1163 edidit
1040 1081 1095 1161 V.
1113 1077 1347 1165 Cardinalis
1373 1078 1616 1166 Thomasius
1648 1078 1784 1192 (tom.
1803 1108 1847 1169 2.

459 1231 565 1318 oper.
598 1198 813 1287 edinliorn.
823 1195 1240 1316 pag.358.)habetur
1258 1200 1451 1310 Hymnus
1473 1201 1513 1285 S.
1524 1195 1665 1284 Hilarii
1685 1197 1729 1285 in
1748 1199 1845 1317 Epi
1918 1234 1920 1238 ·

462 1320 617 1437 phania
633 1350 661 1394 =
674 1320 787 1415 Jesus
801 1308 944 1420 inflabit
959 1315 1127 1401 omniurn
1146 1338 1219 1404 etc.

525 1440 595 1556 64.
631 1438 693 1520 De
712 1436 751 1519 S.
772 1432 985 1521 Ambrosio
1008 1435 1135 1521 multo
1160 1436 1276 1552 plura
1293 1438 1370 1524 hac
1402 1439 1505 1525 inre
1537 1465 1755 1555 supersunt
1769 1439 1848 1529 do-

461 1582 696 1647 tumenta..
729 1551 926 1636 Praeclare
964 1554 1005 1639 S·
1036 1555 1295 1671 Augustinus
1329 1559 1525 1675 originem
1558 1558 1849 1648 modulationis

458 1676 712 1787 hymnorum
744 1669 788 1751 in
812 1669 986 1758 Ecclesia
1004 1673 1301 1762 Mediolanensi
1332 1678 1499 1794 exponit
1514 1677 1588 1792 (1)
1606 1703 1620 1762 a
1635 1738 1664 1777 ‚‚
1681 1680 1766 1765 Nee
1781 1709 1849 1766 sa·

460 1842 506 1895 „·
523 1792 653 1878 tiabat
681 1785 754 1875 illis
784 1785 928 1876 diebus
964 1789 1175 1877 dulcedine
1203 1793 1375 1882 mirabili
1393 1797 1645 1882 considerare
1667 1794 1849 1883 altitudi-

463 1971 492 2014 „
522 1939 616 1995 nem
647 1904 801 1996 consilii
820 1906 880 1991 tui
898 1937 1018 2023 super
1041 1911 1208 1996 salutem
1231 1913 1388 2029 generis
1405 1914 1576 1998 humani
1597 1913 1847 2026 ,Quantum

462 2089 492 2133 ,,
520 2027 609 2117 flevi
628 2024 671 2110 in
686 2025 935 2139 hymnis‚et
950 2026 1116 2114 canticis
1147 2029 1260 2133 tuis,
1290 2061 1413 2121 suave
1440 2033 1622 2120 sonantis
1652 2031 1849 2120 Ecclesiae

462 2206 492 2251 „
522 2173 612 2235 tuae
626 2146 797 2234 vocibus
815 2170 1039 2234 commotus
1054 2145 1228 2233 acriter.
1255 2152 1387 2237 Voces
1408 2149 1493 2236 illae
1519 2148 1746 2237 influebant
1770 2180 1850 2236 au-

460 2325 491 2369 „
521 2264 634 2353 ribus
650 2264 773 2364 meis,
792 2287 831 2349 et
854 2263 1109 2378 eliquabatur
1138 2267 1284 2354 veritas
1316 2270 1359 2351 in
1386 2298 1456 2353 cor
1479 2297 1645 2371 meum,
1672 2293 1711 2354 et
1729 2298 1851 2356 exae-

460 2444 492 2487 „
520 2386 684 2470 stuabat
706 2382 801 2467 inde
818 2377 984 2468 affectus
1002 2382 1158 2498 pietatis
1176 2414 1190 2487 ;
1205 2410 1244 2471 et
1256 2386 1476 2471 currebant
1493 2384 1716 2495 lacrymae,
1733 2412 1771 2471 et
1787 2389 1853 2471 be·

461 2560 492 2605 „
526 2528 575 2584 ne
592 2499 687 2584 mihi
703 2527 787 2589 erat
809 2500 1010 2587 cumeis.
1031 2503 1162 2619 ..(2)
1191 2504 1291 2588 Non
1321 2505 1437 2619 longe
1464 2528 1648 2618 coeperat
1684 2500 1852 2587 Medio·

458 2677 498 2723 „
519 2616 694 2704 lanensis
714 2619 889 2706 Ecclesia
919 2647 1047 2732 genus
1066 2623 1143 2710 hoc
1167 2621 1456 2708 consolationis
1471 2684 1485 2721 ,
1501 2645 1540 2706 et
1554 2619 1850 2709 exhortationis

459 2799 493 2842 ,,,
518 2737 717 2824 celebrare
749 2768 897 2854 magno
915 2737 1053 2823 studio
1070 2738 1240 2829 fratrum
1264 2736 1574 2826 concinentium
1598 2738 1853 2840 vocibus,et

460 2917 488 2959 „
515 2855 742 2943 cordibus.
772 2856 981 2942 Nimirum
1002 2887 1137 2942 annus
1161 2883 1273 2960 crat,
1298 2882 1475 2944 autnon
1502 2857 1631 2943 multo
1651 2854 1823 2971 amplius
1836 2917 1851 2960 ,
1907 2898 1920 2907 ·
2018 2852 2024 2860 ’

458 3036 488 3080 ,‚
519 3004 613 3061 curn
646 2974 804 3072 lustina
854 2974 1138 3061 Valentiniani
1175 2978 1293 3096 Regis
1334 2977 1449 3093 pueri
1481 3000 1609 3062 mater
1643 2972 1853 3060 hominem

459 3154 491 3198 ‚‚
523 3117 644 3180 tuum
656 3092 922 3180 Ambrosium
937 3122 1248 3210 persequeretur
1266 3094 1439 3180 haeresis
1450 3121 1546 3181 suae
1565 3122 1686 3178 causa
1703 3153 1717 3193 ,
1743 3120 1850 3205 quae

463 3268 497 3312 „
525 3210 661 3296 fuerat
692 3212 856 3299 seducta
891 3214 944 3298 ab
979 3211 1174 3298 Arianis.
1209 3214 1451 3301 Excubabat
1481 3212 1547 3330 pia
1565 3211 1679 3326 plebs
1712 3208 1755 3293 in
1773 3212 1854 3296 Ec·

462 3390 492 3433 „
506 3393 510 3398 -
522 3327 635 3415 clesia
650 3332 750 3417 mori
766 3358 908 3448 parata
926 3359 1020 3414 curn
1039 3330 1241 3447 Episcopo
1269 3362 1346 3418 suo
1365 3393 1379 3432 ,
1409 3360 1524 3419 servo
1541 3356 1642 3414 tuo.
1676 3326 1734 3411 lbi
1752 3328 1852 3413 Ma-

459 3509 488 3554 „
522 3473 579 3535 rer
598 3477 714 3552 mea,
752 3450 895 3538 ancilla
912 3474 981 3533 tua
996 3448 1293 3548 solicitudinis,
1319 3474 1358 3534 et
1378 3448 1609 3561 vigiliarum
1624 3442 1773 3557 primas
1791 3468 1851 3527 te·

461 3625 492 3673 „
523 3595 625 3652 nens
643 3569 899 3656 orationibus
932 3566 1124 3656 vivebat.
1157 3573 1247 3654 Nos
1267 3567 1403 3654 adhuc
1420 3562 1554 3680 frigidi
1583 3596 1605 3650 a
1622 3558 1756 3649 calore
1768 3558 1852 3677 spi-

411 3785 417 3794 ¹
461 3749 491 3793 „
524 3684 625 3772 ritus
641 3685 703 3772 tui
719 3688 995 3774 excitabamur
1028 3710 1162 3771 tamen
1181 3686 1340 3772 civitate
1358 3681 1575 3780 adtonita,
1607 3708 1727 3789 arque
1762 3706 1851 3765 tur-

459 3868 489 3913 „
512 3806 615 3895 ,bata
634 3864 646 3887 .
672 3807 782 3892 Tunc
792 3807 952 3922 lucani,
969 3830 1006 3888 ec
1016 3803 1161 3919 psalmi
1174 3831 1219 3888 ut
1235 3824 1458 3891 canerentur
1484 3801 1689 3884 secundum
1705 3824 1848 3883 morem

457 3988 489 4030 ,,
506 3922 746 4013 orientolium
771 3924 973 4040 partium,
1004 3951 1053 4005 ne
1070 3921 1247 4038 populus
1277 3918 1468 4005 moeroris
1499 3915 1636 4002 toedio
1652 3916 1851 4003 contabe-

461 4102 491 4147 ,,
517 4069 669 4146 sceret,
700 4044 1021 4140 institurumer13
1053 4068 1102 4127 ex
1140 4040 1205 4125 illo
1243 4041 1286 4125 in
1307 4038 1554 4123 hodiernum
1582 4035 1692 4120 diem
1712 4032 1849 4121 multis

462 4220 494 4265 ‚,
523 4160 631 4277 jam,
661 4192 708 4250 ae
735 4191 834 4282 pene
863 4159 1038 4247 omnibus
1061 4160 1248 4276 gregibus
1278 4157 1358 4246 tuis
1373 4219 1388 4259 ,
1420 4184 1460 4243 et
1482 4184 1552 4272 per
1582 4180 1710 4244 cetera
1738 4150 1849 4242 orbis

460 4339 492 4385 ‚,
519 4277 818 4384 imitantibus„
851 4344 862 4367 .

523 4399 597 4512 65.
626 4397 730 4488 Hinc
757 4402 939 4518 colligere
971 4399 1032 4485 fas
1058 4420 1146 4498 est,
1182 4426 1268 4486 non
1301 4424 1399 4485 tunc
1431 4396 1612 4513 primurn
1643 4394 1851 4502 hymnos.¹
1923 4405 1925 4410 ’

460 4538 503 4605 et
517 4516 694 4633 psalmos
710 4519 801 4606 cani
830 4520 1036 4636 coepisse,
1066 4514 1137 4602 s‘ed
1169 4547 1325 4608 novum
1343 4517 1518 4604 canendi
1537 4514 1709 4601 modum
1727 4509 1850 4596 fuisse

458 4635 724 4740 adhibitum3
754 4663 792 4725 et
810 4640 922 4724 hunc
952 4664 1104 4723 morem
1138 4636 1181 4719 in
1198 4635 1377 4721 Orientis
1405 4635 1589 4747 partibus
1626 4630 1707 4740 jam
1725 4627 1848 4711 luisse

459 4753 690 4862 usitatum,
725 4784 776 4845 ac
784 4785 885 4879 pene
898 4787 1029 4846 ornnes
1045 4752 1238 4844 Ecclesiae
1269 4750 1415 4839 exinde
1429 4747 1649 4869 pervasisse
1670 4811 1682 4843 ‚
1707 4743 1849 4861 Atque

380 4984 385 4991 ¹
467 4981 470 4987 Ι
511 5008 711 5112 'ltilibp-
728 5016 997 5096 confessionum
1014 5016 1129 5111 capo.
1180 5013 1234 5106 (a)
1261 5011 1352 5105 Crp.
1371 5032 1443 5110 req.
