5084 6234
864 839 1526 936 ECCLE'S'I'ASTI'CIS.
1703 948 1707 956 ,
1770 880 1891 971 mr

492 989 653 1110 poetis,
685 981 728 1078 ct
742 985 1035 1079 in‘ora'torlbus
1052 991 1285 1109 hujusmodi
1303 1020 1421 1080 voces
1445 989 1521 1077 sibi
1543 999 1893 1079 consonantes-re·

492 1111 741 1227 potiuntur,
775 1139 877 1223 quas
896 1110 947 1194 illi
969 1138 1041 1198 aut
1058 1141 1156 1197 casu
1174 1109 1452 1210 adhibebant,
1469 1132 1543 1195 aut
1560 1136 1642 1197 arte
1658 1171 1672 1210 ,
1698 1132 1738 1197 et
1765 1112 1893 1202 ratio-

468 1330 472 1338 ,
494 1228 718 1347 nefigurae
755 1229 996 1317 rhetoricae.
1017 1232 1096 1318 Sed
1115 1231 1327 1344 rhythmos
1366 1230 1513 1316 latinae
1539 1228 1687 1316 nostris
1706 1230 1891 1349 vulgati·

494 1348 573 1438 bus
601 1349 918 1463 penitussimiles
952 1349 1272 1466 dedita-‘operm
1302 1376 1342 1438 et
1370 1347 1510 1438 studio
1543 1348 1586 1433 in
1605 1379 1695 1434 uno
1728 1351 1891 1468 integro

494 1469 673 1566 carmine
690 1469 911 1585 usurpari,
937 1499 1022 1555 non
1049 1496 1143 1558 ante
1161 1472 1414 1560 consuevisse
1440 1456 1770 1583 credam,qtiam
1784 1495 1894 1586 porta

487 1616 618 1702 ,quam
645 1611 827 1688 sermone
857 1589 986 1676 latino
1015 1611 1210 1707 corrupto
1235 1592 1419 1679 carmina
1452 1586 1675 1678 vernaculo
1691 1586 1888 1678 idiomate

493 1708 697 1798 conscribi
718 1733 981 1823 coeperunt,
1011 1741 1066 1798 ex·
1092 1742 1180 1826 quo
1198 1738 1293 1798 nata
1324 1737 1382 1800 est
1397 1707 1525 1801 libido
1557 1709 1635 1795 hoc
1665 1707 1893 1824 ipsumex‘

492 1826 681 1940 periendi
710 1827 754 1911 in
772 1828 963 1937 hymnis,
997 1831 1162 1946 aliisque
1189 1834 1402 1932 versibus,
1430 1851 1469 1916 et
1499 1824 1704 1944 sequentiis
1724 1826 1896 1916 latinius

494 1941 609 2032 Cum
625 1945 735 2032 eninr
751 1948 859 2036 nitor
876 2012 889 2049 ‚
907 1976 947 2037 et
959 1949 1086 2064 gratia
1104 1948 1307 2039 idiomatis
1326 1950 1440 2038 latini
1457 1948 1664 2065 periisset,
1680 1946 1769 2065 ejus
1787 1972 1890 2034 tern-

492 2064 600 2264 qoris
615 2090 756 2181 pactas
773 2097 887 2157 novo
919 2067 1046 2157 isthoc
1062 2068 1264 2159 adsciticio
1282 2069 1423 2157 decore
1440 2090 1628 2185 poemata
1660 2095 1807 2156 ornare
1819 2095 1893 2158 vo·

507 2207 681 2285 uerunt,
716 2185 990 2305 autvulgares
1015 2213 1155 2305 poetas
1176 2189 1320 2277 eodem
1349 2188 1579 2275 carminum
1595 2214 1740 2303 genere
1772 2214 1893 2306 supe·

492 2325 608 2387 rare.
639 2303 851 2422 Origincm
886 2309 1172 2420 rhythmorum
1202 2339 1224 2394 a
1247 2334 1395 2394 natura
1428 2307 1515 2423 ipsa
1533 2306 1673 2420 repetit
1690 2303 1891 2392 Salomon

491 2415 590 2503 Van
605 2420 669 2506 Til
682 2425 780 2541 (r).
803 2426 1076 2513 Verumtamen
1101 2425 1194 2543 quia
1213 2455 1290 2515 non
1304 2425 1474 2512 omnium
1487 2422 1664 2545 gentium
1682 2426 1814 2509 eadem
1830 2427 1892 2526 est
1990 2447 1994 2455 “

487 2532 707 2657 linguarum
748 2543 965 2662 proprietas
1000 2609 1015 2647 ,
1046 2543 1135 2632 hinc
1167 2547 1421 2664 quorumdam
1453 2540 1537 2657 fiac
1564 2573 1648 2631 mos
1682 2542 1802 2629 solum
1835 2571 1891 2634 et

486 2656 707 2771 aequalibus
718 2691 832 2780 arque
846 2663 1022 2750 similiter
1033 2661 1291 2753 desinentibus
1314 2664 1467 2782 syllabis
1484 2692 1706 2780 componere
1725 2690 1889 2766 versut.

486 2773 580 2890 quin
593 2779 856 2900 longitudini,
879 2805 950 2871 aut
967 2785 1146 2871 brevitati
1175 2785 1405 2872 attenderint
1434 2785 1698 2902 syllabarumr
1725 2782 1893 2870 tacendo

489 2894 739 3013 Europaeos,
772 2903 888 2989 etiam
901 2904 977 3022 ipsi
989 2905 1168 3009 Arabes,
1196 2906 1333 2992 Persae
1350 2969 1365 3007 ,
1381 2900 1564 3014 Africani
1578 2965 1593 3004 ‚
1611 2901 1798 2999 Tartari,
1820 2901 1891 2988 Si-

488 3042 623 3103 nenses
648 3019 722 3109 hac
734 3022 880 3110 assueti
905 3041 1017 3109 erant
1036 3023 1200 3137 forma,
1229 3056 1343 3141 quant
1360 3025 1409 3111 iis
1422 3030 1471 3113 ab
1488 3023 1572 3139 ipsa
1604 3046 1743 3105 notura
1763 3012 1891 3130 fuisse

487 3128 649 3222 inditam
679 3140 862 3255 conjicere
876 3141 989 3245 licet,
1013 3171 1109 3259 quos
1141 3145 1250 3259 lapsu
1270 3141 1450 3261 temporis
1475 3143 1591 3229 etiarn
1622 3136 1755 3225 larnai
1766 3136 1893 3258 impe·

486 3274 601 3389 rante
628 3259 813 3363 Nerone,
835 3290 886 3352 ac
915 3264 1069 3349 tandem
1100 3262 1172 3351 alii
1213 3262 1257 3350 in
1289 3263 1526 3386 Hispania,
1557 3290 1606 3349 ae
1649 3255 1765 3345 Italia
1796 3281 1890 3346 tunt

489 3373 666 3488 trattati.

545 3493 648 3581 216.
680 3497 754 3586 His
769 3499 951 3590 concinit
966 3503 1128 3589 isaacus
1141 3503 1314 3590 Vossius
1329 3500 1404 3617 (2)
1422 3498 1652 3618 adjungens
1664 3493 1883 3618 American

488 3610 908 3721 aestimationibus,
934 3648 1040 3729 quae
1056 3621 1284 3729 rhythmice
1317 3646 1460 3707 versus
1490 3622 1715 3732 effingunt.
1749 3613 1881 3730 Quae

367 3782 372 3791 ·
487 3750 622 3819 tamen
641 3735 695 3822 ita
714 3737 875 3854 intelligi
892 3738 1040 3840 velim,
1072 3764 1120 3826 ut
1136 3768 1211 3855 pro
1227 3739 1419 3829 varietate
1443 3737 1680 3854 linguarum
1693 3731 1884 3826 homines'

486 3855 510 3932 it
528 3875 671 3941 natura
688 3855 742 3941 ad
757 3858 974 3975 pangenda
992 3857 1172 3945 carmina
1188 3856 1347 3944 inducti
1376 3882 1465 3941 eam
1483 3857 1682 3944 rationem
1700 3916 1715 3957 ,
1747 3852 1883 3943 viam·

488 3991 571 4080 que
587 3970 848 4081 invenerint,
878 4004 984 4091 quae
1002 3977 1152 4093 cuique
1171 3974 1355 4063 idiomati
1386 3973 1678 4092 congruentior
1691 3971 1881 4091 agnosci·

487 4112 586 4175 tur.
612 4093 719 4180 Nam
752 4097 865 4215 apud
882 4095 1072 4214 antiquos
1089 4096 1293 4198 Graecos,
1318 4094 1602 4208 Latinosque,
1637 4091 1790 4207 quibus
1805 4092 1882 4180 ad·-

486 4203 596 4295 dunt
613 4208 736 4326 aliqui
757 4219 986 4319 Hebraeos,
1022 4219 1243 4326 rhythmus
1267 4244 1342 4334 pro
1357 4214 1542 4305 versibus
1554 4213 1701 4302 similes
1730 4211 1880 4300 tinetas

483 4350 683 4418 extremas
694 4334 775 4424 sive
792 4365 921 4422 unam
937 4401 952 4439 ,
966 4338 1049 4427 sive
1068 4336 1200 4437 duas,
1216 4336 1299 4425 sive
1316 4358 1396 4423 trst
1411 4332 1657 4424 habentibus
1673 4345 1881 4443 nusquam

487 4444 685 4564 reperitur
708 4477 953 4573 usurpatus,
978 4458 1067 4544 licet
1091 4455 1261 4572 aliquod
1277 4455 1549 4573 exemplnme
1578 4447 1733 4540 Latinis
1748 4439 1882 4532 afferri

486 4564 640 4772 ¹garait,
674 4570 717 4656 in
732 4598 818 4683 quo
836 4575 901 4663 hic
918 4576 1030 4665 lusus
1047 4578 1265 4667 verborum
1279 4576 1414 4663 saltem
1428 4602 1551 4690 penes
1566 4571 1748 4667 ultimam
1763 4561 1882 4675 sylla·-

492 4712 583 4783 ,ιω
595 4715 762 4782 notetur
776 4691 846 4815 (a)
864 4758 874 4783 .
892 4695 1036 4813 Quare
1053 4693 1385 4786 concludendum
1411 4718 1469 4780 est
1479 4751 1497 4796 ,
1528 4717 1616 4776 non
1635 4714 1720 4775 esse
1742 4680 1878 4838 ²¹²}

544 4897 598 4984 (1)
624 4896 682 4969 De
716 4917 816 4972 cantu
836 4924 978 4995 poeseos
993 4922 1107 4994 eap.3.
1218 4899 1253 4971 S.
1267 4897 1420 4967 Damaso
1436 4896 1626 4987 adscriptus
1641 4895 1711 4967 hac¹
1734 4887 1882 4994 'artificio

536 4997 595 5082 (a)
621 4996 697 5068 tib.
715 4998 925 5088 denormat.
943 5016 1043 5072 canta
1062 5017 1161 5094 ρας.
1217 5015 1268 5069 est
1294 4995 1469 5083 conditus.
1487 4990 1644 5067 Psalmus
1659 4989 1881 5092 abseedrrlot

539 5089 593 5186 (a)
619 5091 931 5197 Reveralry‘tnnttt
949 5098 985 5171 S.
1002 5098 1159 5197 agana
1217 5092 1449 5193 sarmenti
1462 5083 1843 5175 obtenm‘bbnatinat
1857 5103 1891 5160 ι
