5084 6234
990 815 1537 914 HlspANlc-tt

869 964 931 1056 Sit
965 964 1056 1052 laus
1079 961 1225 1065 Patri,
1257 960 1309 1050 tit
1340 958 1476 1069 Filio,

930 1086 1012 1170 Par
1042 1081 1132 1170 laus
1158 1078 1306 1167 Amori
1337 1106 1514 1186 mutuo,

931 1202 1081 1290 Trium
1113 1223 1289 1288 canatur
1322 1200 1460 1289 unitas
1534 1274 1536 1277 .

930 1324 979 1409 ln
1018 1316 1226 1420 aeviterna
1273 1319 1436 1408 secuit.

573 1552 651 1645 Dic
683 1552 753 1640 28.
785 1549 960 1672 Aprilis.
990 1555 1036 1642 In
1058 1552 1163 1670 festo
1191 1559 1236 1645 S.
1256 1554 1456 1646 Pmdtntii
1489 1556 1671 1680 Episcopi
1703 1555 1966 1671 Turiasoneffi

629 1673 713 1762 sit.
744 1669 924 1791 Hymnus
952 1677 1138 1794 antimius
1167 1679 1389 1767 emendatus
1417 1677 1518 1795 ()

572 1910 703 2005 'Adve
752 1948 793 2002 ..·.
810 1867 967 2012 Nulla
1029 1942 1094 2004 ars
1114 1916 1223 2007 vitae
1252 1916 1327 2006 tibi
1360 1914 1494 2006 laudis
1527 1941 1578 2005 ex
1631 1944 1701 2007 rs·

702 1944 748 2038 sp
809 2029 948 2153 Cujus
974 1943 1162 2123 idcensae
1187 2036 1342 2153 pietatis
1368 2037 1493 2124 ardor
1578 1941 1629 2035 pe
1685 1978 1702 2022 ⁹

738 2181 778 2238 1.
806 2152 990 2241 Prodidit
1020 2182 1140 2258 sete,
1178 2156 1399 2269 micuitque
1431 2155 1578 2273 primo¹

992 2271 1105 2358 Flore
1137 2272 1359 2387 juventae.

741 2418 782 2475 2.
814 2388 993 2475 Lubrico
1021 2419 1146 2477 cursu
1172 2388 1336 2505 puerilis
1363 2388 1456 2472 aevi

806 2507 932 2593 Nulla
971 2532 1008 2593 te
1030 2507 1152 2595 fallax
1182 2507 1321 2626 rapuit
1339 2506 1566 2623 voluptas,

808 2627 937 2715 Casta
968 2625 1166 2716 nimirum
1189 2628 1346 2746 superis
1376 2627 1562 2714 calebant

984 2748 1149 2835 Pectora
1185 2746 1354 2835 flammis
1390 2808 1402 2832 .

811 2864 947 2953 Mollis
981 2892 1029 2953 ut
1058 2867 1149 2955 secli
1181 2867 1316 2986 fugias
1347 2866 1525 2985 pericla,

742 3012 783 3097 3.
814 2985 1013 3069 Horridae
1046 3015 1192 3074 cautus
1229 2985 1329 3101 petis
1368 3012 1486 3068 antra
1514 2986 1683 3094 sylvae3

811 3103 912 3215 Quo
943 3104 1056 3186 Deus
1086 3130 1225 3188 secum
1255 3122 1375 3191 vocat
1407 3098 1462 3184 ad
1489 3100 1625 3187 beatae

989 3212 1090 3307 Otia
1118 3219 1263 3309 vitae.
1732 3283 1737 3298 ·

810 3335 978 3455 Pervigil
1009 3366 1116 3426 seras
1147 3338 1204 3429 ibi
1234 3338 1366 3428 noctis
1401 3339 1524 3426 horas
1667 3371 1715 3451 ‚9

811 3455 1018 3574 Transigis
1048 3457 1175 3547 multa
1206 3489 1353 3577 prece,
1386 3488 1459 3545 nec
1491 3455 1687 3550 diurnam

810 3574 878 3661 Sol
908 3577 981 3662 ubi
1022 3576 1153 3661 lucem
1183 3578 1347 3677 retulit,
1379 3574 1572 3693 precandi

990 3692 1140 3778 Deficit
1164 3693 1314 3780 ardor.

812 3808 972 3927 Aspero
1006 3812 1193 3925 quamvis
1226 3833 1395 3899 tenuata
1430 3809 1546 3901 victu

809 3932 997 4017 Membra
1025 3959 1111 4017 non
1141 3930 1272 4054 parcis
1306 3924 1458 4015 laniare
1488 3926 1649 4045 flagris,

771 4070 775 4079 ’
809 4050 891 4137 Sed
922 4049 1000 4135 Dei
1031 4048 1188 4143 fervens
1216 4080 1330 4136 amor
1360 4071 1419 4136 est
1453 4046 1641 4135 laborum

990 4165 1123 4258 Dulce
1147 4170 1367 4263 levamen.
1627 4284 1668 4379 0

1699 4316 1726 4375 ο

573 4431 802 4529 Ηῐδβίῖθΰῦῖ,
842 4462 877 4516 tt
918 4446 1232 4538 Compostellano.
1296 4452 1383 4543 get?
1414 4451 1480 4521 Eos
1498 4450 1668 4536 desumpsi
1691 4441 1978 4537 ‹·1hymnts]o·.

573 4536 654 4619 Eius
680 4558 802 4627 corpus
819 4547 859 4612 ad
889 4545 1160 4633 compostellam
1176 4549 1234 4618 de·
1296 4545 1390 4619 annis
1407 4547 1580 4637 Baptistae
1599 4542 1800 4619 sorazabat,
1819 4542 1876 4633 qui
1898 4543 1963 4634 ity-

573 4632 679 4707 latum
709 4657 827 4729 magna
856 4639 903 4711 ibi
933 4642 1149 4715 veneratione
1176 4667 1233 4715 co·
1296 4667 1393 4716 mnos
1413 4641 1573 4716 breviarii
1606 4638 1776 4717 Romani,
1807 4634 1960 4709 etofficii

569 4728 680 4805 titur.
1238 4817 1242 4823 ,
1297 4740 1471 4833 Hispanict
1489 4737 1645 4811 versibus
1672 4734 1869 4826 vdgatibus
1885 4736 1960 4805 red·

622 4840 673 4917 (a)
700 4830 774 4902 Hos
808 4834 841 4904 S.
869 4833 1046 4905 Prudentii
1085 4835 1230 4929 hymnos
1294 4838 1406 4917 didit,
1436 4857 1470 4908 et
1487 4835 1614 4928 publici
1628 4832 1713 4914 juris
1731 4830 1984 4906 fecitMatriti-

572 4918 690 5035 plenqs
715 4953 786 5007 esse
830 4950 1037 5012 venustat-s,
1067 4933 1227 5024 pulchros
1295 4934 1794 5027 1777..'i³t³aetersynaiogphts
1810 4930 1890 5002 nihii
1907 4934 1985 5002 hm·

572 5024 711 5106 verbu,
738 5032 912 5105 sententiis
939 5032 1151 5128 gravesquit
1170 5054 1227 5104 ne·
1287 5032 1375 5115 bui,
1409 5037 1502 5129 quod
1534 5031 1776 5137 corrigerem·
1810 5030 1955 5100 Versum
