5084 6234
935 817 1578 912 ECCLESl'ASTlClS
1885 823 1939 914 61·

571 965 726 1069 ,dam
738 958 898 1048 alternis
910 964 1231 1079 antiphonotum
1246 962 1367 1050 modo
1378 965 1453 1053 sibi
1471 965 1639 1051 invicem
1656 957 1946 1078 respondentia

571 1144 601 1185 „
633 1086 687 1170 ad
714 1081 885 1167 haeresis
932 1111 1029 1165 suae
1057 1080 1201 1197 placita
1243 1085 1544 1168 accommodata
1579 1081 1779 1169 concinne
1812 1079 1937 1168 cane-

574 1264 604 1305 „
634 1202 1053 1300 bant....loannes,
1081 1229 1129 1282 ne
1165 1193 1291 1308 aliqui
1321 1232 1370 1286 ex
1391 1199 1561 1289 Ecclesia
1579 1231 1653 1284 sua
1685 1198 1958 1318 ejusgenerie'

576 1381 606 1423 „
635 1320 825 1407 cantibus
841 1318 1004 1404 demulsi
1018 1324 1068 1404 ab
1086 1316 1158 1399 illis
1171 1316 1460 1405 seducerentur
1473 1384 1486 1419 ,
1501 1317 1557 1403 ad
1571 1320 1756 1405 eumdem
1774 1318 1944 1405 modum

574 1499 607 1543 .,
639 1467 780 1528 contra
800 1438 882 1521 illos
896 1435 1156 1550 psalmodiam
1187 1462 1303 1520 suam
1337 1438 1541 1525 instituit.
1573 1443 1625 1524 Et
1644 1437 1755 1525 brevi
1782 1468 1827 1523 ea
1845 1435 1958 1544 cele-⁸

577 1619 609 1661 „
639 1559 776 1656 brios,
793 1583 919 1669 quam
937 1553 1260 1642 adversariorum
1279 1584 1402 1657 esset,
1420 1565 1524 1642 lacta
1541 1583 1598 1641 cst
1613 1555 1709 1673 (a).
1730 1553 1945 1641 Catholica
2065 1564 2070 1574 '

576 1736 607 1778 „
641 1702 776 1759 autern
794 1671 966 1757 Ecclesia
987 1671 1174 1787 principia
1204 1673 1367 1786 ejusdem
1380 1676 1610 1792 psalmodiae
1643 1678 1862 1791 hymnorum
1880 1703 1948 1758 ca·

578 1853 608 1896 „
634 1793 840 1876 mendorum
856 1789 943 1873 inde
958 1818 1107 1904 sumpto
1126 1794 1178 1874 atl
1203 1795 1305 1877 lrunc
1318 1825 1432 1907 usque
1448 1793 1544 1876 diem
1556 1793 1864 1879 'consuetudinem
1884 1820 1947 1874 re-

580 1966 610 2013 „
639 1908 759 2002 tinet,
786 1927 824 1992 et
841 1908 958 1993 sacris
970 1908 1165 1993 cantilenis
1181 1938 1357 2023 operatur
1371 1974 1400 2010 „
1421 1973 1431 1993 .
1450 1915 1558 1996 llaec
1575 1912 1858 2025 Nicephorus,
1875 1908 1948 2021 qui

578 2026 727 2115 ibidem
744 2056 893 2111 morem
926 2026 1244 2141 antiphonorum
1276 2090 1290 2129 ,
1320 2030 1396 2115 hoc
1427 2055 1481 2113 est
1497 2094 1511 2129 ,
1527 2030 1686 2114 alternis
1701 2057 1770 2143 per
1788 2056 1950 2142 respon·

578 2146 733 2232 sionem
769 2150 996 2232 carminum
1044 2145 1399 2230 concinendorum
1432 2178 1456 2230 a
1484 2150 1525 2231 S.
1559 2147 1714 2263 lgnatio
1747 2144 1951 2257 martyre,

578 2286 788 2376 tamquam
799 2261 942 2348 alonte
959 2262 1109 2374 repetit.
1126 2262 1340 2348 Accertius
1357 2292 1525 2380 repetere
1537 2290 1690 2379 poterat
1699 2293 1748 2347 ex
1763 2262 1952 2378 lsaia(1),

579 2384 656 2467 ubi
672 2379 876 2495 Seraphim
888 2380 1103 2465 clamabant
1115 2382 1213 2465 alter
1227 2384 1281 2465 ad
1291 2382 1476 2481 alterurn,
1497 2407 1534 2465 ct
1546 2383 1721 2467 dicebant
1736 2413 1747 2461 t
1760 2380 1956 2481 Sanctus,

578 2501 774 2597 Sanctus,
807 2500 970 2585 Sanctus
989 2499 1176 2585 Dominus
1203 2501 1313 2586 Deus
1327 2501 1590 2601 exercituum,
1619 2502 1733 2616 plena
1750 2525 1804 2583 est
1834 2495 1956 2582 omme

574 2639 679 2703 terra
690 2615 814 2735 gloria
832 2615 914 2726 ejus
931 2680 941 2699 .
960 2618 1226 2730 Quamquam
1239 2618 1271 2703 si
1286 2622 1384 2702 haec
1400 2619 1606 2716 deessent,
1632 2617 1744 2733 apud
1762 2615 1957 2700 Ethnicoe

581 2736 773 2848 antiquos
792 2736 888 2819 haec
907 2734 990 2850 ipsa
1021 2737 1278 2822 consuetudo
1294 2736 1466 2823 alternae
1496 2736 1781 2821 modulationis
1798 2732 1958 2848 viguit,

583 2854 642 2939 uti
662 2882 711 2939 ex
727 2852 976 2938 carminibus
994 2854 1219 2941 amoebaeis
1237 2854 1348 2971 apud
1363 2855 1580 2969 Virgilium
1596 2919 1609 2954 ,
1628 2853 1729 2962 et'cx
1750 2851 1958 2951 Homero,

580 2973 654 3085 qui
673 2969 741 3085 (b)
773 2970 914 3056 Musas
947 2972 1107 3056 alternis
1136 2975 1327 3059 canentes
1359 2973 1546 3075 inducit,
1579 2973 1724 3089 colligit
1743 2968 1959 3069 eruditus,

583 3089 865 3205 piissimusque
886 3088 1120 3174 Cardinalis
1136 3094 1250 3174 Bona
1264 3092 1360 3207 (a)
1853 3086 1858 3094 ⁸

600 3285 605 3291 .
651 3233 717 3318 75.
753 3206 891 3319 Quare
908 3207 1023 3317 quod
1039 3209 1086 3291 de
1104 3206 1353 3294 Asianorum
1367 3208 1495 3295 cantu
1510 3199 1766 3326 Nicephorus
1795 3230 1963 3306 narrat,

587 3321 642 3409 ita
660 3349 716 3409 cst
734 3322 1061 3439 intelligendum,
1093 3351 1139 3409 ut
1154 3326 1324 3413 Ecclesia
1345 3327 1805 3442 Constantinopolitana
1826 3328 1878 3408 ab
1906 3321 1965 3428 eis

584 3466 770 3527 mutuata
802 3439 925 3527 luerit
959 3472 1145 3528 numeros
1173 3506 1188 3542 ,
1216 3446 1300 3534 sive
1333 3446 1517 3532 modulos
1556 3445 1732 3530 canendi
1761 3506 1774 3542 ,
1808 3438 1961 3553 quibus

581 3558 725 3643 eadem
741 3555 943 3658 Ecclesia,
974 3590 1020 3645 ac
1041 3559 1137 3646 sorte
1155 3562 1253 3647 aliae
1271 3565 1460 3675 deinceps
1489 3562 1752 3681 psalmodiam
1780 3558 1962 3650 institue<

589 3674 701 3773 tint,
730 3701 808 3761 aut
826 3702 926 3762 certe
951 3676 1195 3789 antiquam,
1224 3707 1264 3764 et
1289 3682 1331 3762 in
1349 3681 1481 3765 multis
1509 3681 1594 3766 aliis
1620 3678 1801 3793 partibus¹
1834 3670 1964 3758 usita-

585 3812 671 3879 tam
687 3795 935 3907 hymnorum
952 3795 1161 3878 melodiam
1175 3798 1297 3914 magis
1310 3824 1429 3910 atquc
1456 3796 1580 3912 magis
1590 3790 1933 3906 frequentaverint
1947 3848 1961 3896 ,

585 3911 650 3999 Ex
666 3914 739 4001 isto
758 3937 894 4001 tamen
913 3911 1131 4031 Nicephori
1163 3914 1252 4002 loco
1288 3940 1410 4002 natus
1439 3938 1536 4017 est,
1564 3939 1614 4001 ut
1644 3913 1791 4033 opinor
1807 3917 1825 4015 ,*
1850 3932 1963 4014 error

647 4214 911 4316 (ilbozomenus
926 4218 1020 4292 aas.
1035 4220 1144 4318 caph.
1154 4243 1246 4290 com·
1309 4217 1501 4303 seditione,
1533 4243 1615 4292 saxo
1630 4216 1671 4307 ab
1687 4213 1819 4288 Arianis
1834 4211 1965 4282 Catho-

592 4312 752 4385 mendant
794 4316 1045 4405 antiphonarios
1100 4322 1245 4413 hymnos
1310 4316 1394 4390 licos
1426 4335 1583 4391 cantores
1615 4311 1893 4407 persequentibus
1929 4305 1963 4375 in

592 4410 628 4482 S·
669 4408 805 4491 ,loannis
844 4414 1084 4509 chrysostomi
1126 4414 1245 4495 addit,
1307 4411 1759 4507 frontepetitusoecubuit.

591 4508 715 4600 quod„
731 4503 911 4584 Eunuchus
925 4513 1252 4606 Imperattitissslti·
1274 4505 1279 4514 ’
1357 4528 1411 4597 (ι)
1428 4517 1556 4605 cano.
1571 4540 1604 4584 v.
1611 4535 1642 4602 3.

594 4615 701 4698 „⁸0)
726 4604 807 4696 huic
835 4610 884 4677 rei
911 4612 1119 4699 praepositas
1149 4627 1249 4692 erat,
1350 4612 1403 4701 (b)
1432 4601 1978 4695 l.lliad.vers.6o4.Musisque,

588 4749 615 4785 ,‚
638 4699 695 4793 qui
711 4700 876 4778 idoneum
892 4710 932 4776 od
949 4713 1028 4781 haec
1046 4726 1248 4799 sumptum,
1311 4726 1398 4799 quae
1424 4706 1587 4778 canebant
1610 4751 1621 4785 ,
1648 4699 1848 4773 alternantes
1884 4716 1967 4767 voce

591 4846 617 4883 ,‚
631 4816 665 4868 et
683 4804 827 4895 hymnos
844 4808 884 4876 ad
901 4810 1087 4878 canendum
1112 4824 1252 4898 praepa·
1309 4802 1451 4905 pulchra
1472 4855 1483 4876 .

594 4943 621 4978 ‚2
636 4899 754 4969 tabat.
789 4950 815 4984 ‚,
843 4904 969 4996 Magno
982 4905 1076 4974 stetit
1091 4904 1254 4973 Eunucho
1365 4910 1416 4992 (2)
1446 4904 1529 4976 utv.
1546 4899 1670 4973 Psalm.
1694 4898 1846 4992 Cap-16·
1863 4886 1969 4979 §01¹-

597 4992 790 5071 istiusmodi
817 5009 1116 5095 apparetustnam
1137 5012 1257 5071 coorta
1313 5023 1458 5077 numa.
1875 5034 1885 5063 .·
