5084 6234
713 870 806 962 42⁰
1082 825 1719 919 BffEVtARtUM

724 1015 730 1028 ²
819 972 988 1061 Accedit
1003 1034 1017 1074 ‚
1031 969 1148 1086 quod
1158 969 1211 1052 in·
1232 967 1297 1053 illo
1323 1000 1469 1085 magna
1489 998 1547 1056 est
1561 970 1798 1088 perplexitas
1813 1033 1826 1071 ‚
1842 996 1880 1055 et
1899 970 2099 1078 longitu-

708 1102 763 1185 do
777 1093 901 1181 officii
917 1121 1009 1183 tum
1021 1090 1172 1188 feriae,
1190 1113 1285 1174 tum·
1304 1087 1424 1174 etiam
1440 1090 1671 1176 dominicae
1687 1092 1765 1176 diei
1789 1154 1799 1175 .
1827 1093 1870 1172 ln
1891 1092 1968 1175 hoc
1987 1096 2087 1180 nuli·

707 1211 1114 1318 lum‚autminimum
1126 1233 1185 1293 est
1199 1206 1358 1291 dierum
1374 1206 1497 1293 totius
1514 1209 1617 1291 anni·
1634 1210 1956 1295 discrimentnec
1975 1213 2097 1299 enim

705 1335 870 1422 interest
887 1333 940 1417 ad
958 1328 1252 1445 longitudinem
1288 1326 1341 1410 de
1353 1326 1556 1411 dominica
1574 1392 1586 1429 ,
1614 1358 1686 1413 seu
1702 1330 1803 1414 seria·
1819 1354 1963 1445 agatur
1981 1393 1994 1430 ‚
2026 1359 2084 1415 an

707 1454 756 1539 de
773 1452 902 1537 festo.
919 1452 968 1534 lu
990 1447 1056 1532 illo
1073 1443 1210 1562 psalmi
1228 1442 1325 1528 hinc
1343 1444 1436 1528 inde
1453 1474 1556 1531 cum·
1581 1446 1813 1533 difficultate
1831 1511 1845 1548 ,
1880 1475 1993 1552 mora
2013 1510 2027 1549 ,
2046 1473 2089 1537 et

698 1570 839 1660 taedio
855 1567 1065 1661 volvendis
1083 1562 1236 1649 chartis
1247 1561 1522 1676 exquiruntur
1540 1629 1552 1651 .
1587 1568 1633 1648 ln
1663 1568 1740 1651 hoc
1759 1595 1829 1682 per
1847 1566 1931 1650 dies
1948 1592 1988 1653 et
2005 1565 2087 1652 ho-

696 1682 1200 1778 aastotiusbebdomadae
1226 1680 1547 1795 dispositisunt.
1574 1683 1675 1798 ‘Qui
1708 1711 1844 1769 noster
1859 1683 1962 1768 ordo
1992 1715 2084 1772 non

734 1806 1034 1895 arum-lacitad
1047 1799 1233 1918 temporis
1260 1799 1575 1901 brevitatem,et
1588 1804 1744 1890 laboris·
1761 1802 1946 1891 levamen
1966 1864 1977 1885 .
1996 1804 2090 1890 Ad·

695 1955 820 2045 ·Juvat
837 1926 973 2020 itidem
1003 1924 1106 2009 ordo
1119 1917 1368 2019 lectionum,
1389 1947 1484 2003 nam
1498 1923 1626 2038 prima
1649 1950 1689 2009 et
1712 1921 1893 2010 secunda
1912 1920 2089 2038 simplici

701 2070 742 2131 et
757 2042 995 2139 immutabili
1018 2039 1159 2127 ordine
1188 2035 1401 2151 dispositae
1418 2067 1519 2126 sunt
1549 2040 1598 2124 in
1613 2066 1744 2128 totum
1778 2069 1969 2140 annum,
2001 2041 2091 2129 sive

702 2162 851 2249 festum
869 2160 1053 2261 incidat,
1092 2157 1172 2245 sive
1191 2181 1310 2238 non.
1333 2154 1551 2244 Diversitas
1571 2160 1685 2244 enim·
1713 2158 1833 2244 officii
1849 2160 1941 2246 festi
1951 2220 1966 2256 ‚
2012 2159 2092 2244 (Ιοι

701 2280 874 2370 minicae
894 2344 908 2382 ,
936 2306 973 2365 et
989 2276 1133 2363 ferialis
1151 2270 1230 2392 diei
1249 2272 1432 2361 consistit
1451 2275 1493 2359 in
1511 2278 1734 2366 mutatione
1754 2276 2005 2375 invitatorii,
2039 2304 2084 2368 et

700 2398 1032 2513 hymnorumad·
1050 2390 1300 2483 matutinum
1316 2454 1330 2493 ,
1345 2418 1385 2479 ot
1398 2423 1607 2511 vesperam
1625 2461 1637 2498 ,
1668 2424 1707 2483 et
1724 2397 1860 2484 tertiae
1878 2389 2092 2499 lectionis,

701 2520 978 2622 etorationis3
989 2538 1128 2606 cetera·
1140 2535 1237 2597 sunt
1252 2506 1431 2624 ejusdem
1447 2514 1619 2601 rationis
1632 2517 1851 2628 utrobique
1871 2575 1881 2596 .

692 2695 703 2716 ι
818 2638 930 2725 Sicui
950 2662 1085 2723 autem
1100 2626 1417 2719 laboriosumin·
1444 2632 1521 2719 lroc
1544 2634 1744 2723 breviario
1769 2632 1975 2724 videbitur
2002 2631 2087 2748 ple

697 2784 828 2869 eaque
846 2756 983 2841 omnia
1002 2784 1053 2839 ero
1069 2751 1171 2837 libro
1187 2747 1268 2861 legi·
1278 2808 1292 2846 ,
1309 2777 1403 2833 cum
1420 2750 1545 2837 multa
1579 2752 1628 2835 in
1650 2752 1728 2837 alio
1745 2817 1758 2853 ,
1793 2780 1899 2866 quae
1917 2774 2087 2867 propter

698 2873 952 2991 frequentem
970 2868 1247 2989 repetitionem
1262 2864 1530 2969 ediscuntur,
1557 2868 2087 2985 memoriterptonuntien-

697 3017 804 3099 tur,
831 3016 1061 3111 compenset
1078 3018 1172 3075 cum
1200 2987 1280 3070 hoc
1306 2982 1441 3071 labore
1462 2986 1744 3104 cognitionem
1768 2986 1991 3103 scripturae
2018 3014 2092 3073 sau

586 3179 596 3189 .
699 3141 822 3215 crae,
852 3141 960 3227 quae
978 3113 1034 3199 sic
1053 3109 1096 3193 in
1116 3107 1199 3192 dies
1218 3102 1423 3218 augescit,
1441 3132 1479 3193 et
1496 3105 1763 3193 intentionem
1779 3106 1905 3192 animi
1924 3171 1938 3211 ‚
1957 3135 2088 3223 quam

696 3228 818 3319 Deus
840 3256 932 3317 ante
951 3230 1089 3315 omnia
1115 3226 1163 3307 in
1174 3220 1433 3340 precantibus
1453 3225 1622 3338 requirit
1650 3223 2081 3342 (hanc-enimmajo-

694 3377 779 3435 rem
796 3348 1022 3465 legentibus
1038 3409 1052 3448 ,
1067 3372 1193 3460 quam
1209 3338 1434 3427 memoriter
1450 3342 1905 3455 proferentibus-adesse
1924 3371 2084 3432 necesse

696 3493 767 3571 est,
784 3468 862 3583 >et
877 3464 1113 3552 hu'usmodi
1130 3460 1316 3548 laborem·
1328 3486 1413 3543 non
1440 3461 1564 3545 modo
1578 3461 1848 3564 fructuosum,
1865 3464 2091 3550 sedetiam

694 3582 1129 3702 salutaremptdicabit
1150 3635 1161 3660 ·
1180 3579 1342 3676 Habes,
1370 3581 1483 3664 Pater
1507 3580 1686 3668 sanctiss.
1717 3644 1731 3683 ,
1765 3582 1936 3690 instituti
1955 3582 2084 3666 nostri

695 3705 926 3804 rationem,
945 3704 1070 3793 habes
1094 3695 1312 3787 formulam
1330 3694 1541 3798 breviarii,
1558 3723 1765 3815 superest,
1786 3726 1834 3789 ut
1847 3701 1887 3788 si·
1902 3700 1977 3789 tibi
1996 3726 2093 3802 res·,.

695 3823 1045 3935 quemadmodum
1063 3843 1303 3938 speramus,
1329 3840 1421 3897 non·
1447 3815 1773 3930 improbabitur,
1799 3820 1888 3936 ipse·
1906 3845 2097 3933 quoque-

693 3942 838 4031 iaveas
859 3941 1056 4059 incoeptis.
1078 3936 1302 4036 nostria,et
1315 3928 1964 4050 laboripublicaecommoditatis
1982 3960 2091 4059 gra-

699 4059 756 4145 tia
771 4058 1125 4184 suscepto.Vale.
2062 4111 2066 4118 -

1137 4435 1140 4480 ³
1182 4446 1613 4610 amasso
