5084 6234
1192 794 1709 931 nrnnonrn

1061 981 1153 1068 Post
1176 984 1344 1068 carceris
1379 979 1609 1080 molestias,

1121 1100 1240 1212 Quas
1277 1097 1531 1216 pertulerunt
1566 1097 1751 1202 fortiter,

1120 1216 1350 1328 Tyrannus
1377 1214 1547 1305 invictos
1573 1218 1684 1305 viros

1122 1334 1317 1421 Decernit
1348 1332 1431 1448 igni
1464 1331 1648 1420 tradere.

1060 1449 1259 1538 Ecclesiae
1284 1448 1487 1568 jejunium

1121 1571 1285 1685 Negant
1319 1567 1446 1683 rogati
1476 1566 1688 1684 frangere,
1807 1640 1812 1649 .

1121 1689 1176 1773 Et
1201 1684 1341 1773 mortis
1375 1683 1429 1768 ad
1454 1684 1665 1774 victoriam

1120 1803 1349 1889 Armantur
1376 1802 1650 1889 abstinentia.

1052 1921 1105 2007 Se
1130 1946 1271 2035 sponte
1291 1918 1435 2034 poenis
1465 1936 1693 2035 apparant,

1120 2039 1174 2122 Et
1196 2036 1382 2124 irretorto
1406 2033 1559 2123 lumine

1119 2153 1316 2241 Tuentur
1351 2150 1557 2241 ardentem
1588 2177 1763 2287 rogum,

1119 2273 1183 2357 Ex
1217 2301 1304 2388 quo
1325 2296 1462 2388 petent
1496 2270 1706 2360 caelestra.

1057 2388 1166 2508 Ignis
1203 2390 1379 2505 pepercit
1406 2390 1607 2492 artubus,

1115 2509 1169 2591 Et
1200 2507 1283 2591 sola
1318 2507 1430 2622 rupit
1459 2508 1662 2610 vincula,

1117 2625 1177 2711 Ut
1213 2621 1449 2737 expedirent
1480 2623 1678 2725 brachia,

1115 2738 1351 2853 Crucisque
1384 2769 1497 2827 more
1523 2740 1733 2828 tollerent.
1859 2830 1864 2838 ,

1056 2858 1139 2949 Sed
1175 2885 1226 2941 ne
1261 2852 1409 2975 periret
1438 2855 1595 2975 gloria,

1019 3014 1023 3019 ·
1115 2975 1280 3061 Mentes
1305 2973 1459 3063 solutae
1487 3003 1707 3089 corporum

1115 3093 1157 3177 A
1189 3090 1293 3179 mole
1316 3120 1455 3182 versus
1478 3092 1638 3179 aethera

1115 3209 1243 3298 Claro
1276 3209 1466 3295 seruntur
1491 3209 1676 3295 lumine.

1053 3327 1111 3413 Ut
1146 3351 1182 3411 te
1217 3350 1413 3410 canamus
1442 3325 1624 3441 jugiter,

999 3447 1007 3457 ’
1122 3444 1200 3531 Fac
1227 3468 1329 3542 nos,
1353 3470 1538 3559 suprema
1569 3439 1780 3547 Trinitas,

1118 3559 1262 3646 Vitare
1292 3557 1472 3645 flammas
1504 3558 1716 3663 vindices,

1120 3676 1236 3766 Cum
1271 3676 1410 3767 mortis
1438 3680 1543 3766 hora
1566 3680 1753 3770 venerit.

761 3897 1079 3982 Qumtefamcn
1099 3904 1295 3966 Fructuosus
1322 3898 1394 3964 acri
1480 3850 1620 3965 reciiant
1648 3898 1812 3988 hymnum
1843 3894 2056 3970 Prudentii.
2083 3893 2156 3968 Eo·

762 3990 879 4061 solvet
906 3992 1099 4157 supplicio,
1128 4008 1238 4084 tegens
1264 3989 1308 4060 ab
1321 3991 1420 4083 igni,
1481 4010 1555 4061 rum
1586 3990 1765 4083 Reliquiae
1797 3990 1919 4081 partim
1933 3997 2023 4082 apud
2048 3994 2155 4087 tigu-

761 4087 956 4179 l'nrtdr'gna
981 4091 1096 4161 iteret
1114 4090 1193 4159 meis
1210 4085 1370 4159 metatam
1484 4108 1537 4157 res
1559 4110 1624 4158 non
1640 4086 1760 4179 procul
1786 4110 1805 4157 a
1831 4088 1935 4160 Portu
1962 4089 2155 4183 Delphini,

763 4186 946 4256 Tormentr’r
963 4188 1052 4268 dare,
1059 4201 1272 4284 prosperante
1283 4185 1425 4264 christo,
1470 4182 1605 4275 'partim
1645 4184 1677 4254 in
1711 4184 1854 4284 dirersis
1889 4184 2077 4279 Hispaniae
2102 4190 2152 4261 lo·

762 4282 884 4354 Dalm
906 4281 1205 4377 Hendecasyitebos
1221 4282 1427 4353 revolvens.
1481 4280 1530 4352 eis
1558 4280 1714 4373 publicae
1741 4281 1952 4355 venerationi
1979 4286 2155 4377 expositae

761 4379 944 4452 Rhabanus
960 4381 1099 4453 Maurus
1119 4380 1150 4448 in
1170 4376 1423 4471 Martyrologio
1481 4397 1560 4449 sunt
1584 4424 1595 4447 .
1627 4386 1685 4450 De
1712 4384 1868 4471 poculo,
1894 4385 1987 4474 quod
2015 4384 2048 4457 S.
2064 4384 2154 4456 Pru·

765 4501 946 4573 perperam
959 4482 1046 4552 hunc
1072 4478 1106 4549 S.
1124 4474 1350 4547 Fructuosunr
1365 4498 1424 4543 au·
1480 4492 1602 4548 ttuoso
1628 4478 1669 4546 ad
1693 4478 1894 4574 martyrium
1922 4480 2114 4573 properanti
2131 4498 2156 4549 a

764 4594 895 4647 ctorem
927 4576 1078 4671 Regulae
1112 4571 1423 4646 Monaehoruntdi·
1483 4572 1690 4645 Christianis
1711 4576 1925 4668 propinatum
1948 4593 2025 4655 est,
2049 4595 2152 4668 quae·

761 4671 811 4745 eit
837 4719 847 4739 .
875 4672 1009 4746 Festum
1027 4678 1152 4747 hornrn
1182 4672 1372 4763 Martyrum
1390 4668 1427 4738 in
1484 4668 1626 4743 ttionern
1654 4673 1809 4754 excitat,
1840 4693 1873 4746 er
1901 4670 2155 4765 explicatSaIa.

764 4770 838 4846 fere
863 4770 1019 4842 omnibus
1064 4768 1213 4864 antiquis·
1239 4765 1424 4858 Hispaniae
1483 4768 1593 4844 tarius
1614 4769 1939 4871 inMattytoiogio·

767 4866 947 4944 breviariis
972 4869 1194 4941 celebratur.
1224 4867 1428 4941 Moaarabee
