5084 6234
702 928 805 1042 qui,
833 949 1039 1014 utcontra
1058 928 1098 1010 S.
1115 922 1371 1011 Bernardum
1398 927 1656 1024 defenderet,
1687 952 1790 1011 tecte
1826 955 1903 1011 ase
1924 930 1966 1010 in
1984 923 2080 1012 ota-

701 1046 811 1131 tione
833 1046 1035 1130 dominica
1069 1075 1141 1158 pro
1157 1046 1298 1128 Panem
1332 1069 1499 1131 nostrum
1526 1047 1785 1159 quotidianum
1818 1047 2079 1132 substitutum

700 1160 821 1246 fuisse
840 1166 981 1248 Panem
1003 1191 1169 1248 nostrum
1204 1164 1597 1276 supersubstantialem
1632 1165 1827 1253 novitates
1852 1162 2077 1248 monasterii
2164 1194 2166 1197 ⁴

703 1277 1039 1370 Clatavallensis
1031 1308 1074 1362 tn
1095 1278 1227 1364 officio
1247 1278 1387 1365 divino
1408 1280 1459 1362 illi
1478 1280 1842 1396 exprobrat(1:),
1845 1282 2078 1395 ,Quorum

700 1452 733 1495 2,
763 1422 811 1483 ut
825 1428 956 1515 pauca
973 1426 1304 1495 commemorem,
1339 1397 1501 1509 inquit,
1525 1429 1575 1512 pa
1584 1428 1626 1482 ce
1642 1425 1770 1487 vestra
1784 1403 1821 1481 lt
1806 1428 1941 1514 smnus
1954 1396 2077 1483 solitos

698 1576 731 1617 „
759 1517 980 1632 respuistis,
1018 1542 1057 1601 et
1074 1512 1275 1649 quosdam
1290 1515 1399 1629 apud
1420 1545 1493 1601 nos
1512 1515 1747 1614 inauditos,
1783 1542 1823 1599 et
1854 1515 1934 1601 fere
1953 1514 2077 1599 omni

700 1694 731 1733 „
761 1637 836 1720 bus
867 1633 1084 1720 Ecclesiis
1076 1634 1329 1748 tttcognitoS,
1358 1664 1404 1719 ac
1432 1635 1566 1721 minus
1587 1633 1826 1719 sufficientes
1854 1630 2080 1717 introduxi·

700 1813 729 1851 „
761 1751 856 1837 stis.
887 1752 1007 1837 Unde
1033 1776 1071 1838 et
1090 1780 1159 1867 per
1179 1776 1309 1835 totum
1343 1780 1499 1837 annum
1529 1752 1748 1868 invigiliis
1760 1776 1839 1837 tam
1858 1749 2079 1882 feriarum,

615 1952 619 1959 .
699 1930 727 1999 „
759 1897 884 1984 quam
920 1871 1181 1958 festivitatum
1210 1897 1297 1951 uno
1326 1867 1513 1979 hymno,
1538 1872 1735 1958 eteoclem
1762 1867 2077 1968 contentiestis,

699 2043 729 2088 „
760 2017 852 2072 cuin
870 1986 1041 2072 Ecclesia
1059 2012 1132 2101 pto
1152 1984 1375 2073 diversitate
1403 1986 1623 2088 feriatum,
1649 1986 1709 2076 vel
1741 1985 1999 2073 festivitatum
2019 1984 2078 2065 di

700 2166 728 2205 „
760 2106 880 2191 versis
895 2128 1035 2190 utatur
1052 2102 1274 2214 hymnis..
1293 2102 1453 2188 ‚Cum
1471 2107 1546 2191 hoc
1564 2105 1745 2192 triduum
1765 2115 1971 2215 tamquam
1989 2127 2079 2187 exe»

701 2284 732 2323 „
762 2222 881 2332 quiae
900 2222 1110 2307 Domini
1101 2254 1144 2306 tn
1162 2220 1274 2305 luctu
1276 2249 1596 2353 peragatur...
1630 2253 1715 2308 non
1745 2218 2061 2305 mediocriter
2011 2252 2079 2305 ιιιι

610 2414 612 2417 .
701 2396 730 2439 ,,
762 2338 937 2423 tandum
952 2340 1111 2428 videtur
1124 2336 1211 2426 vel
1202 2365 1509 2442 mvttatortum
1527 2341 1588 2428 vel
1604 2342 1834 2453 hymnum
1849 2338 1911 2426 vel
1927 2337 2078 2451 glotta,

696 2517 728 2560 „
759 2484 865 2568 quae
878 2456 1014 2572 potius
1030 2457 1169 2571 gaudii
1191 2484 1309 2540 voces
1331 2482 1456 2556 sunt,
1482 2403 1759 2553 decantari...
1798 2459 1919 2569 Quae
1938 2454 2077 2539 omnia

698 2630 730 2677 ,‚
763 2604 857 2662 cum
873 2573 1088 2659 omnibns
1078 2603 1121 2655 tn
1140 2601 1326 2707 magnam
1342 2572 1645 2659 admirationem
1660 2573 1855 2671 veniant,
1884 2599 1957 2655 cut
1980 2574 2079 2655 haee

690 2755 728 2794 ,‚
756 2689 900 2776 scilicet
916 2712 1045 2778 vestra
1062 2689 1220 2778 novitas
1237 2689 1353 2773 totius
1385 2692 1574 2776 Ecclesiae
1598 2724 1682 2776 usut
1676 2691 1815 2823 apud
1831 2718 1905 2777 vos
1921 2691 2077 2801 praefe-

602 2893 605 2898 .
698 2870 728 2911 „
758 2831 901 2909 ratur,
934 2837 1006 2892 nec
1024 2833 1156 2892 tamen
1176 2804 1255 2893 ab
1245 2806 1493 2893 institutione
1510 2835 1637 2897 vestra
1655 2805 1926 2893 receditis‘2
1852 2866 1922 2905 „.

708 2995 711 3004 .
764 2954 859 3060 1q4.
889 2925 967 3010 Sed
1008 2924 1125 3012 nimis
1156 2954 1393 3041 operosae,
1427 2955 1620 3039 nequeu
1591 2925 1701 3011 utilis
1737 2927 1849 3012 labor
1888 2948 1991 3010 esset
2029 2955 2078 3010 ea

700 3044 840 3131 omnia
857 3042 1068 3157 persequi,
1093 3044 1258 3158 quaein
1284 3072 1324 3127 re
1341 3044 1553 3157 hymnatia
1586 3044 1638 3127 ad
1660 3045 1895 3142 varietates,
1930 3041 2085 3127 dissen-

699 3161 914 3272 siouesque
933 3163 1225 3246 monachorum
1246 3186 1333 3247 tum
1362 3160 1464 3247 inter
1484 3191 1552 3263 se,
1581 3188 1668 3248 tum
1683 3191 1777 3246 cum
1793 3160 1931 3245 ceteris
1949 3158 2083 3256 Eccle-

700 3278 853 3365 siatum
879 3276 1087 3378 moribus,
1121 3307 1166 3361 ac
1211 3276 1352 3364 ritibus
1384 3279 1579 3394 pertinere
1615 3278 1878 3364 viderentur.
1896 3281 2080 3366 Fuerunt

703 3421 839 3482 autem
856 3394 981 3503 aliqui
997 3390 1068 3478 SS
1080 3399 1243 3479 Paetum
1259 3395 1491 3480 testimoniis
1507 3419 1647 3481 contra
1664 3424 1831 3482 cantum
1848 3396 2078 3479 theatralem
2144 3441 2146 3443 v

701 3514 745 3597 in
762 3511 931 3597 ecclesiis
947 3510 1190 3645 quibusdam
1217 3513 1409 3599 usitatum
1426 3513 1608 3632 decepti,
1639 3516 1710 3627 qui
1744 3540 1886 3599 temere
1912 3509 2079 3594 affirma·

703 3655 824 3731 tent,
853 3627 963 3714 nullo
980 3653 1097 3746 pacto
1122 3629 1163 3714 in
1158 3630 1359 3717 ecclesia
1356 3630 1639 3747 psalmorum,
1672 3634 1969 3768 hymnorumve
1988 3656 2083 3711 cam

703 3769 790 3834 tum
823 3776 900 3833 esse
934 3745 1248 3834 celebrandum.
1282 3753 1474 3849 Horum3
1504 3750 1577 3862 qui
1606 3748 1865 3836 Petrolrusiuni
1894 3744 2082 3837 diceban·

704 3888 801 3967 tut,
834 3894 1008 3950 errorem
1044 3865 1181 3952 refellit
1199 3870 1337 3953 Petrus
1367 3867 1506 3954 abbas
1529 3866 1863 3953 Cluniaeensis
1853 3894 1895 3947 tn
1915 3884 2094 3948 tractatu.

703 3963 883 4066 adversus
897 3982 1008 4080 illos,
1039 4014 1103 4096 qut
1096 3982 1324 4099 negabant
1339 4015 1416 4069 esst
1444 4014 1506 4069 ore
1522 3988 1781 4070 cantandum
1822 3980 1996 4068 Consuli
2016 4010 2086 4095 po·
2126 4028 2135 4040 ·

705 4122 779 4184 test
792 4097 1014 4213 Teophtlus
1045 4101 1342 4215 Raynaudus(
1346 4102 1424 4212 2),
1444 4101 1528 4216 qui
1550 4102 1665 4188 sicuti
1655 4096 1971 4185 effeminatos
1963 4128 2005 4180 tn
2025 4128 2084 4185 ee·

704 4214 828 4300 clesiis
859 4239 1079 4302 concentus
1109 4245 1157 4301 ex
1191 4217 1358 4334 Ottgtne
1374 4218 1477 4335 (3)
1496 4248 1545 4304 ex
1575 4223 1616 4305 S.
1635 4218 1888 4332 Hieronymo
1904 4215 2083 4331 (4)

699 4359 753 4420 ex
775 4334 826 4416 S
837 4330 1071 4447 Augustino
1103 4333 1176 4446 (5)
1192 4333 1276 4418 fuse
1310 4336 1520 4454 exagitat,
1552 4337 1606 4421 ita
1640 4337 1888 4427 moderatam
1917 4304 2081 4453 psalmo

704 4446 822 4553 diae,
853 4476 892 4540 et
909 4450 1153 4566 hymnodiae
1171 4450 1489 4542 modulationem
1504 4453 1716 4545 defendit

754 4671 806 4755 (ι)
834 4668 871 4737 ln
889 4668 1422 4761 EpistsadSBetnatdum
1468 4681 1523 4764 (4)
1509 4674 1586 4754 In
1602 4677 1694 4766 Cap
1714 4698 1744 4745 ι.
1769 4678 1809 4743 ad
1830 4665 2019 4759 Ephesios,
2047 4680 2081 4733 et

710 4768 807 4849 (a)
835 4783 956 4837 tomus
974 4766 1198 4840 Hacteroelit.
1221 4787 1357 4863 partus
1419 4735 1459 4842 ad
1491 4761 1668 4845 Rusticum
1699 4776 1740 4843 de
1772 4766 1986 4839 institutione
2004 4762 2082 4836 Mo·

707 4883 783 4955 pag.
805 4863 885 4929 162.
903 4880 970 4940 ‚et
987 4885 1058 4957 seq
1419 4869 1544 4939 uachi.

754 4963 805 5051 (3)
836 4957 1033 5035 uomitu.
1024 4984 1055 5032 ιιι
1070 4963 1185 5046 ivdie.
1201 4986 1218 5039 a
1234 4966 1359 5041 medio.
1468 4975 1521 5062 (5)
1552 4990 1608 5040 ιο.
1627 4962 1767 5037 confes.
1786 4977 1885 5057 cap.3
1893 4982 1928 5054 3·
2030 5001 2037 5015 ·
