5084 6234
611 934 765 1023 variam
787 933 881 1053 'ejus
907 938 1092 1030 breviarii
1127 941 1336 1026 fortunam
1352 940 1584 1057 pertinent,
1618 939 1708 1026 illuc
1737 941 1877 1028 inferri
1891 975 2000 1033 com·

609 1050 728 1148 mode
748 1060 945 1168 poterant.
966 1060 1089 1173 Spero
1107 1085 1255 1157 autem,
1265 1059 1400 1146 multis
1416 1086 1577 1174 gratum
1597 1090 1657 1145 me
1675 1091 1753 1145 esse
1772 1061 1991 1165 facturum,

610 1168 644 1254 si
679 1170 722 1252 in
743 1181 818 1257 hac
838 1174 954 1259 altera
970 1176 1188 1290 Appendices
1221 1178 1481 1278 accuratius,
1509 1205 1547 1264 et
1562 1176 1837 1279 enucleatius,
1868 1212 1996 1293 quam

613 1291 666 1375 ab
708 1288 788 1373 ullo
825 1293 1022 1378 hactenus
1041 1319 1238 1379 tentatum
1262 1293 1469 1395 noverim,
1508 1322 1630 1382 totam
1662 1299 1768 1380 hanc
1787 1298 1995 1387 historiam

611 1433 835 1523 exposuero
860 1474 873 1510 ,
899 1439 936 1498 et
969 1410 1144 1497 nobilem
1163 1415 1275 1498 hunc
1295 1412 1523 1529 Hispanum
1544 1478 1557 1517 ,
1577 1414 1877 1507 celeberrimum
1899 1417 1995 1502 bre-

605 1522 722 1611 viarii
740 1529 916 1615 Romani
953 1530 1252 1617 reformatorem
1269 1594 1282 1630 ,
1299 1531 1589 1620 vindicavero.
1617 1535 1672 1617 lta
1690 1561 1789 1621 vero
1807 1561 1889 1618 rem
1921 1562 1995 1649 pe-

607 1669 774 1758 ragam,
807 1674 854 1733 ut
880 1649 997 1765 plura
1029 1678 1135 1737 nova
1154 1645 1344 1758 afferam3
1375 1678 1453 1749 ea,
1489 1679 1610 1760 quae,
1627 1650 1670 1733 in
1690 1650 1784 1736 locis
1814 1648 1991 1768 allegatis

604 1760 701 1846 satis
722 1765 914 1882 explicata
947 1792 1074 1869 sunt,
1108 1767 1244 1856 leviter
1279 1768 1510 1884 attingam3
1542 1798 1649 1883 quae
1681 1795 1818 1854 autem
1849 1769 1904 1856 ibi
1927 1769 1996 1853 in-

605 1875 737 1966 dicata
762 1912 859 1971 sunt
876 1912 1057 1988 tantum,
1077 1885 1207 1970 fusius
1222 1888 1463 2004 explanem.
1499 1886 1671 1989 Vitam,
1706 1886 1860 1999 aliaque
1878 1913 1990 2003 gesta
2074 1990 2079 1993 ,

603 1994 838 2087 Cardinalis
863 2004 1092 2121 Quignonii
1125 2030 1428 2122 persequuntur
1469 2003 1709 2120 Wadingus
1741 2006 1784 2087 in
1818 2004 1989 2089 Annali-

599 2114 670 2199 bus
700 2119 932 2226 Minorum,
960 2150 999 2209 et
1014 2122 1056 2205 in
1072 2124 1261 2243 Catologo
1278 2122 1510 2239 Scriptorum
1531 2123 1596 2209 sui
1614 2122 1814 2222 Ordinis,
1841 2121 1986 2208 Davila

601 2229 644 2315 in
678 2239 842 2329 Tlrcotro
865 2241 1114 2329 ecclesiastico
1146 2240 1361 2328 cauriensis
1379 2241 1600 2342 Ecclesiae,
1628 2240 1825 2325 Nicolaus
1848 2236 1988 2325 Anto-

600 2351 695 2440 nius
729 2356 771 2441 in
802 2361 1028 2448 Bibliotheca
1044 2390 1143 2447 nouo
1159 2360 1334 2476 Hispano
1351 2421 1365 2460 ,
1394 2384 1433 2446 er
1454 2358 1623 2447 uberius
1641 2356 1869 2443 Ciaconius
1887 2384 1984 2444 curn

596 2468 796 2561 Auctario
829 2480 871 2565 in
901 2479 1002 2568 Vitis
1022 2478 1313 2581 Cordinulium,
1345 2503 1384 2565 et
1418 2476 1623 2565 Oldoinus
1656 2475 1699 2561 in
1734 2475 1833 2569 Viris
1848 2474 1988 2562 Cordi-

594 2587 739 2674 nulium
756 2595 988 2713 Scriptorum
1006 2656 1020 2695 ,
1037 2598 1108 2711 qui
1138 2594 1273 2712 plures
1303 2596 1401 2685 alios
1416 2594 1649 2714 Quignonii
1676 2593 1905 2679 laudatores
1924 2593 1985 2679 al·

592 2702 724 2821 legat.
758 2716 888 2801 Nobis
920 2715 1016 2801 satis
1040 2715 1091 2801 sit
1119 2742 1369 2817 memorare,
1401 2715 1524 2802 fuisse
1560 2744 1654 2799 eum
1672 2711 1976 2827 Legionensem,

591 2820 721 2912 filium
752 2832 898 2918 Didaci
932 2834 1165 2919 Fernandez
1190 2832 1240 2916 de
1271 2832 1544 2949 Quignones‚
1581 2828 1760 2917 Comitis
1791 2827 1910 2944 primi
1930 2830 1981 2916 de

590 2941 742 3051 Luna,
775 2978 814 3039 et
846 2952 1313 3066 joannaellenriquez,
1345 2950 1447 3037 filiae
1470 2949 1634 3035 Henrici
1652 2944 1810 3036 comitis
1826 2946 1874 3030 de
1906 2946 1983 3029 Al-

589 3064 715 3149 va-de
743 3069 872 3159 Liste:
893 3072 1140 3189 Religionem
1159 3070 1522 3156 Franciscanorom
1542 3068 1765 3187 ingressum
1784 3129 1797 3168 ,
1831 3062 1982 3151 lauda-

589 3177 719 3267 biliter
750 3187 962 3291 docendi,
995 3219 1034 3277 et
1063 3188 1322 3307 gubernandi
1353 3186 1789 3304 muneraexplevisse,
1820 3213 1980 3269 renun-

589 3295 738 3386 ciatum
766 3306 911 3422 Burgis
941 3337 1053 3394 anno
1093 3334 1218 3419 1522.
1250 3306 1492 3391 Generalcm
1517 3306 1757 3393 Ministrum
1788 3368 1798 3389 .
1830 3300 1977 3388 Aca-

586 3416 675 3514 ¹1010
708 3424 763 3509 V.
794 3425 849 3511 ad
880 3423 1129 3515 Clementem
1166 3422 1403 3511 Pontificem
1420 3424 1511 3511 Vll.
1538 3423 1711 3526 missus,
1740 3452 1778 3514 et
1812 3420 1905 3505 inde
1925 3420 1982 3504 ad

588 3530 788 3630 Carolum
823 3572 1020 3661 regressus
1055 3544 1157 3630 adeo
1189 3542 1413 3661 prudenter
1448 3541 1790 3660 periculosissimis
1821 3563 1978 3654 tempo-

585 3648 698 3742 ribus
731 3688 770 3743 se
802 3661 948 3778 gessit,
969 3690 1017 3751 ut
1040 3691 1207 3779 operam·
1235 3690 1352 3747 suam
1385 3661 1583 3765 Caesari,
1617 3686 1656 3749 et
1687 3656 1870 3748 Pontifici
1890 3656 1973 3744 vul·

577 3767 636 3853 lle
670 3780 938 3891 probaverit,
967 3782 1019 3869 ab
1053 3783 1131 3867 hoc
1155 3807 1339 3896 purpura
1357 3778 1565 3884 donatus,
1597 3808 1680 3895 qua
1695 3801 1856 3894 propter
1885 3771 1976 3858 sin-

581 3888 1010 4021 gularem1virtutem,
1033 3929 1088 3991 ‚ac
1107 3897 1363 4030 doctrinam,
1388 3897 1537 4015 dignus
1554 3925 1648 3988 ante
1684 3895 1835 3985 obitam
1867 3891 1969 4007 lega·

581 4027 737 4100 nonem·
764 4019 1037 4107 censebatur.
1500 4031 1505 4052 ¹
1532 4031 1534 4036 ’
1561 4033 1587 4057 ·’

642 4153 684 4210 2·
712 4135 800 4227 lam
831 4113 987 4251 pridem
1018 4137 1067 4221 de
1100 4137 1450 4228 novorbreviario
1479 4200 1495 4239 ,
1528 4163 1567 4226 et
1599 4133 1766 4252 quidem
1798 4126 1976 4219 breviori

582 4243 837 4378 conficiendo
878 4255 1098 4371 cogitatum
1140 4244 1321 4358 luerat,
1362 4278 1407 4342 ut
1436 4274 1542 4344 num.
1595 4247 1977 4370 148.Disscrtario·

579 4389 641 4446 ms
654 4355 693 4481 l
708 4370 840 4462 XXV.
871 4373 1113 4475 observavi,
1147 4373 1335 4464 adductis
1352 4373 1509 4478 verbis,
1542 4403 1647 4489 quae
1665 4370 1708 4454 in
1724 4368 1857 4458 fronte
1876 4395 1976 4483 ope-

579 4476 635 4563 ris
669 4481 893 4578 Zachariae
920 4491 1084 4577 ferrarii
1102 4519 1214 4577 anno
1235 4522 1359 4606 1525.
1381 4490 1478 4577 editi
1513 4491 1775 4610 legebantur.
1810 4484 1973 4574 Brevio-

477 4693 480 4697 Α
508 4697 512 4706 ,
567 4596 1013 4711 &callemarcium
1031 4608 1087 4699 'ob
1102 4607 1230 4697 roderic
1242 4610 1449 4698 :zamma
1464 4610 1644 4729 Pontifice
1659 4610 1771 4727 longe
1790 4605 1969 4703 breuius,

421 4718 426 4762 ³
569 4732 637 4802 n.
650 4719 821 4829 [ιιςιῖιίςεξ
855 4731 1055 4817 redditum·-
1088 4755 1110 4832 2‘
1143 4729 1197 4815 ²²2
1222 4732 1297 4817 ab·
1317 4731 1447 4817 omni:
1467 4751 1592 4819 ‘W‘
1631 4751 1841 4844 Purgfffflm
1866 4746 1966 4832 Pro*

568 4834 720 4960 pedion
742 4843 888 4931 exibit.
925 4851 972 4935 ln'
997 4847 1108 4939 nota
1133 4848 1315 4967 margini
1339 4850 1525 4969 :apposita
1554 4847 1730 4935 Bibliotlt.
1744 4836 1967 4973 Ecclesiam.

438 5051 441 5056 .
571 4953 921 5079 Sslzultiagiitom.
942 4996 984 5087 4·
1006 4963 1122 5089 porte
1140 4995 1181 5057 2.
1201 4968 1378 5074 scama
1395 4972 1443 5059 de
1456 4965 1582 5091 poecis
1601 4962 1681 5092 piis
1713 5016 1730 5060 ,
1775 4982 1813 5046 cr
1846 4985 1966 5079 scens
