5084 6234
580 862 608 950 4
842 783 849 798 ’
1006 830 1595 921 usuruu1s·

581 977 624 1059 in
640 956 821 1063 veterum
841 965 1145 1060 auctoritatibus
1160 973 1408 1091 exponendis
1425 973 1634 1061 abundare
1649 975 1783 1074 volui,
1796 1002 1845 1059 ne
1861 977 1954 1090 quis

584 1122 606 1178 a
624 1119 685 1177 me
702 1091 922 1179 confictum
945 1091 1099 1205 aliquid
1116 1121 1195 1177 esse
1213 1116 1326 1206 putet
1342 1152 1355 1189 ‚
1370 1090 1402 1174 si
1422 1092 1592 1204 quando
1612 1092 1655 1179 in
1671 1118 1843 1180 recentes
1860 1094 1956 1179 Au·

579 1234 734 1313 ctores,
751 1209 823 1323 qui
840 1212 949 1297 aliter
966 1208 1161 1296 senserint
1176 1272 1191 1313 ,
1218 1205 1371 1294 incidat
1388 1267 1399 1290 .

1188 1439 1336 1565 pm

1044 1624 1151 1738 Quid
1180 1628 1229 1713 sr't
1254 1626 1462 1740 Hymnus.

579 1834 621 1919 5.
637 1738 798 1892 Primo
815 1806 903 1891 loco
924 1805 1025 1920 quid
1036 1833 1117 1896 vox
1127 1804 1302 1918 Hymnus
1318 1802 1477 1917 proprie
1495 1798 1708 1917 significet,
1720 1830 1764 1886 ac
1780 1827 1882 1915 quot
1898 1801 1954 1887 di·

572 1924 697 2011 versis
713 1924 842 2009 modis
862 1923 1080 2039 accipiatur
1097 1981 1111 2020 ,
1128 1950 1152 2003 a
1169 1921 1360 2016 Graecis,
1391 1919 1502 2002 unde
1521 1949 1566 2003 ea
1583 1920 1703 2033 petita
1722 1946 1805 2019 est,
1838 1920 1951 2004 desu·

576 2068 681 2123 mere
696 2066 873 2155 oportet.
891 2039 1018 2155 Apud
1032 2067 1099 2121 eos
1114 2061 1245 2120 autem
1260 2036 1488 2147 frequenter
1504 2059 1621 2121 sonat
1636 2064 1796 2121 carmen
1816 2037 1857 2118 in
1876 2038 1953 2120 bo·

576 2183 718 2241 norem
740 2156 815 2240 Dei
839 2156 1030 2272 scriptum
1060 2155 1070 2237 ζ
1103 2153 1367 2266 Quamquam
1397 2153 1505 2235 enim
1529 2183 1553 2237 a
1582 2152 1712 2238 radice
1738 2156 1951 2268 provenit,

574 2283 685 2385 quae
712 2273 909 2389 significat
934 2275 1118 2357 celebrare
1133 2333 1146 2370 ,
1164 2300 1326 2369 canere,
1356 2272 1477 2354 dicere
1495 2332 1508 2371 ‚
1526 2270 1727 2381 ideoque,
1758 2296 1805 2355 ut
1836 2268 1950 2354 multi

577 2387 716 2505 ajunt,
733 2390 844 2507 apud
860 2388 1120 2473 Athenaeum
1134 2387 1207 2499 (1)
1222 2415 1382 2473 carmen
1409 2388 1559 2500 nuptiis
1587 2388 1831 2472 celebrandis
1845 2417 1953 2472 com·

574 2507 752 2621 positum
774 2509 949 2619 Hymnus
974 2503 1175 2617 Nuprirrlis
1204 2501 1351 2587 dicitur
1369 2535 1382 2604 ς
1401 2528 1534 2587 tamen
1562 2533 1660 2588 usus
1678 2503 1880 2602 obtinuit,
1905 2528 1954 2592 ut

545 2618 824 2708 ¹uocabulum
842 2624 1019 2737 Hymnus
1047 2618 1215 2706 carmini
1250 2616 1302 2702 ad
1332 2618 1473 2703 laudes
1493 2621 1673 2704 Deorum
1700 2646 1821 2705 cantu
1851 2621 1953 2704 cele-

575 2736 753 2822 brandas
768 2736 1037 2825 tribueretur.
1063 2740 1149 2851 lpso
1181 2736 1301 2821 etiam
1316 2736 1493 2851 Nuptioli
1509 2738 1662 2852 Hpmno
1681 2740 1841 2849 Hymen
1864 2766 1951 2820 ma-

570 2849 653 2969 gna
669 2881 717 2939 ex
737 2880 844 2971 parre
862 2859 1082 2941 canebatur
1100 2853 1342 2939 .-Auctores
1366 2851 1478 2937 latini
1507 2854 1666 2968 profani
1684 2854 1752 2941 vix
1784 2883 1829 2938 ea
1846 2882 1945 2939 voce

571 2970 634 3054 usi
649 2994 769 3072 sunt3
784 2999 1001 3082 versusque
1020 2971 1062 3054 in
1083 2970 1267 3054 Deorum
1284 2968 1422 3054 lauder
1437 2970 1673 3085 compositos
1691 2969 1854 3086 proprio
1873 2999 1951 3053 no-

574 3086 685 3170 rnine
703 3088 823 3203 pauci
853 3088 1150 3175 distinxerunt.
1177 3088 1281 3172 Odor
1312 3086 1419 3170 enim
1449 3114 1652 3175 vocarunt
1682 3116 1843 3173 carmen
1862 3087 1953 3199 lyri-

572 3228 668 3287 cum
690 3258 703 3296 ,
735 3204 816 3291 sive
833 3204 946 3289 Deos
976 3205 1042 3291 tali
1059 3205 1233 3290 carmine
1253 3265 1265 3302 ,
1283 3203 1363 3292 sive
1381 3205 1562 3289 homines
1580 3203 1823 3291 celebrarent
1840 3268 1853 3305 ,
1869 3204 1951 3292 sive

454 3383 458 3387 -
571 3319 678 3432 quid
694 3318 805 3404 aliud
833 3315 1081 3435 exponerent
1094 3318 1191 3436 (o)
1222 3320 1439 3433 Scriptores
1470 3350 1567 3409 vero
1600 3319 1857 3407 Ecclesiastici
1897 3324 1950 3407 ab

571 3434 660 3554 ipso
692 3436 886 3521 nascentis
902 3436 1095 3522 Ecclesiae
1125 3434 1346 3551 primordio
1363 3440 1621 3550 Hymnorum
1646 3438 1790 3551 passim
1815 3436 1954 3521 merni-

575 3578 670 3640 nere
690 3553 767 3640 .Et
783 3549 828 3639 in
843 3553 965 3645 veteri
982 3552 1148 3668 quidem
1165 3577 1428 3660 testamento,
1459 3584 1504 3643 ac
1520 3552 1759 3643 nominatim
1783 3553 1826 3638 in
1845 3550 1953 3671 psal·

622 3801 676 3882 (ι)
705 3794 779 3868 Lib.
805 3820 840 3889 4.
1064 3859 1066 3866 ,
1279 3818 1356 3867 nren
1381 3788 1424 3864 sit
1439 3789 1608 3871 feminae,
1628 3815 1667 3864 an
1696 3791 1812 3885 potius
1828 3798 1946 3861 Mons·

624 3895 676 3981 (a)
690 3892 813 3961 Extant
829 3886 1233 3983 nihilominusFragmen·
1281 3907 1393 3964 merra
1401 3884 1579 3983 significet.
1597 3885 1802 3982 interpretes
1810 3891 1850 3958 ad
1862 3891 1950 3958 hunc

575 4001 611 4057 ts
637 4010 678 4059 ex
696 3987 818 4057 Lucilii
849 3990 969 4082 Epodr's
987 4036 998 4070 ‚
1016 3992 1154 4078 Hymris
1168 4002 1229 4057 etc.
1284 3988 1396 4060 locum
1414 3986 1496 4059 nibil
1514 3988 1598 4060 certi
1617 4004 1793 4065 statuunt,
1824 4002 1858 4056 et
1883 4006 1948 4076 ego

571 4082 713 4155 Sanctus
726 4083 879 4154 isidorus
893 4083 1234 4176 lib.r.0rig,cap.38.
1288 4081 1438 4155 nonnihil
1454 4084 1572 4156 incerti
1589 4087 1725 4154 subesse
1744 4099 1829 4171 puto
1843 4131 1854 4162 ,
1869 4105 1949 4154 cunt

569 4224 597 4261 -,‚
613 4181 770 4272 Hymnos
784 4226 795 4261 ,
808 4179 936 4269 inquit,
955 4181 1102 4272 primum
1120 4180 1236 4251 David
1287 4200 1364 4253 ante
1378 4179 1518 4252 Ennium
1537 4178 1668 4275 Hymni
1686 4179 1717 4249 in
1734 4178 1947 4253 consuetudi·

572 4321 597 4360 „
623 4276 828 4366 Prophetam
844 4277 878 4345 in
896 4277 1028 4350 leudem
1044 4278 1112 4349 Dei
1144 4302 1236 4348 com·
1285 4302 1361 4349 nem
1378 4280 1466 4369 apud
1483 4279 1637 4349 Gentiles
1654 4275 1824 4349 venerint.
1837 4276 1948 4347 Dubi-

571 4416 597 4456 „
621 4372 785 4464 posuisse,
794 4397 832 4445 ac
845 4374 1008 4456 cecinisse
1021 4374 1232 4445 manifestum
1285 4394 1322 4446 to
1339 4368 1454 4453 etiam,
1469 4398 1507 4443 an
1524 4369 1780 4468 Fragmentum,
1796 4373 1887 4465 quod
1905 4392 1948 4441 tre

570 4517 599 4555 „
623 4487 699 4542 est.
715 4469 851 4543 Deinde
868 4473 957 4561 apud
989 4469 1144 4541 Gentiles
1164 4470 1234 4562 pri·
1286 4473 1406 4568 Epedis
1441 4473 1578 4565 Hyantis
1606 4471 1732 4544 Lucilii
1760 4496 1801 4541 ex
1825 4466 1946 4535 Nonio

571 4613 598 4649 κ
624 4589 678 4638 nra
716 4567 865 4641 Mnemia
890 4566 1232 4663 Timotboefecitlin
1285 4569 1608 4649 circumfertur,ex
1625 4570 1715 4640 veris
1733 4563 1881 4656 Hymnis
1901 4563 1946 4633 sit

572 4709 598 4745 ,‚
623 4662 841 4752 Apollinem,
859 4684 892 4738 et
911 4667 1048 4745 Musas,
1062 4689 1147 4757 quse
1166 4663 1235 4734 fuit
1285 4669 1538 4755 depromptum,
1555 4692 1594 4738 an
1622 4667 1735 4758 potius
1758 4684 1801 4731 ert
1828 4658 1944 4752 aliquo

571 4807 599 4843 ‚,
621 4760 835 4850 temporibus
849 4762 943 4833 Ennii
958 4762 1059 4855 longe
1073 4781 1149 4853 post
1164 4762 1234 4831 Da·
1283 4784 1389 4852 opere
1405 4808 1417 4841 ,
1435 4786 1493 4834 seu
1511 4759 1685 4834 comoedia
1701 4805 1712 4836 ‚
1728 4781 1827 4847 quam
1845 4756 1945 4832 Luci,-

573 4905 598 4943 ,‚
625 4855 685 4927 vid
709 4904 733 4937 ‚,
749 4904 758 4927 .
774 4856 844 4928 Alii
874 4858 991 4951 legunt
1008 4856 1208 4949 Nummium
1226 4907 1237 4942 ,
1291 4858 1369 4938 lius,
1385 4884 1450 4931 non
1464 4860 1641 4953 satyricus,
1654 4856 1711 4928 sed
1727 4851 1811 4928 alius
1826 4855 1890 4927 sub
1905 4875 1948 4925 to

575 4952 632 5028 alii
647 4958 835 5037 Emmiam,
851 4954 904 5025 alii
923 4958 1097 5037 Mremr'a,
1129 4973 1163 5026 et
1180 4951 1238 5027 Ti·
1290 4956 1392 5042 titulo
1410 4953 1625 5052 vulgaverit.

570 5047 1232 5137 arcesseremusne,anllnemianu·
