5084 6234
717 787 816 903 sm
1083 773 1734 865 ¹pnrrrsrnrs

730 914 933 1012 drfficiiior
948 940 1049 1004 tune
1072 935 1130 1005 est
1145 916 1285 1021 elisio,
1314 922 1523 1038 majorque
1543 921 1675 1009 oritur
1691 942 1837 1007 cantus
1852 916 2118 1010 deformitas}=

730 1035 987 1130 Duriuscula
1017 1035 1137 1122 etiarn
1168 1062 1226 1124 est
1239 1041 1485 1159 synaloephe
1517 1042 1694 1133 inversu
1712 1042 1768 1154 hy
1813 1040 1857 1125 ni
1874 1037 2113 1126 Dominicae

730 1159 885 1281 primae
919 1156 1135 1244 Adventus
1151 1156 1206 1240 ad
1219 1157 1360 1245 laudes
1374 1193 1387 1248 s
1403 1163 1465 1247 Ab
1483 1162 1561 1247 olto
1580 1164 1688 1248 iesus
1697 1072 1913 1275 proibicnt.
1945 1159 2054 1242 Nam
2069 1172 2120 1247 nr

730 1275 935 1371 secundus
950 1304 1018 1391 pes
1034 1276 1084 1361 sit
1100 1274 1258 1365 iambus
1274 1341 1289 1379 ,
1321 1280 1587 1394 pronunciari
1605 1281 1742 1367 debers
1759 1281 1822 1365 Ab
1836 1276 2014 1365 nlt’lesus
2023 1304 2123 1391 pru-⁸

729 1399 846 1485 tricor
863 1456 873 1477 .
889 1392 1063 1482 Suaviot
1078 1391 1219 1480 flueret
1233 1423 1373 1483 versus
1391 1397 1432 1479 in
1450 1399 1557 1484 hanc
1576 1398 1749 1482 formam
1767 1396 1971 1482 restitutus
1986 1399 2122 1492 cletus

730 1518 778 1607 ab
793 1511 1094 1632 uitopronrr'cnt.
1109 1513 1153 1597 ln
1173 1512 1352 1627 antiquis
1370 1514 1478 1601 enim
1491 1514 2001 1627 breviariincodicibusque
2019 1515 2118 1600 lllss.¹

729 1631 871 1750 legitur
889 1630 1061 1722 Christus
1073 1632 1124 1716 nb
1137 1633 1218 1717 bito
1228 1632 1421 1749 promicat
1439 1693 1453 1737 ,
1485 1635 1558 1749 qui
1575 1662 1714 1723 versus
1731 1632 1883 1719 tametsi
1910 1661 1996 1716 non
2014 1661 2122 1719 con-.-

731 1778 811 1842 stat
828 1748 1185 1861 ,elisionistamen
1217 1750 1431 1872 asperitate
1446 1781 1555 1843 caret
1569 1752 1669 1870 (a).
1696 1750 1822 1840 Nullo
1844 1776 1982 1837 autern
1995 1749 2122 1838 modo
2251 1847 2253 1849 ,

731 2049 736 2056 Ι
781 1965 834 2051 (a)
858 1953 976 2049 linqui
990 1979 1093 2028 unum
1111 1957 1198 2037 lota,
1212 1973 1270 2027 aut
1285 1980 1389 2028 unum
1451 1957 1700 2054 orthographia
1713 1960 1776 2031 sub
1792 1931 1907 2041 iudice
1922 1954 1961 2030 lis
1976 1976 2039 2029 est.
2057 1958 2115 2040 lna
2133 1945 2159 1969 ²

729 2055 861 2147 apicem
893 2057 925 2123 in
942 2076 1082 2127 examen
1110 2075 1235 2152 vocare
1251 2073 1361 2149 amant
1379 2104 1389 2136 ,
1452 2082 1561 2152 genue
1576 2074 1687 2129 tamen
1703 2055 1863 2137 fatebor,
1894 2079 1966 2128 earn
1998 2076 2114 2125 curant

728 2151 863 2228 subtilis
891 2150 1145 2223 controversiae
1173 2150 1388 2225 occasionem
1451 2171 1516 2228 non
1532 2155 1719 2226 admodum
1739 2169 1792 2225 ure
1807 2150 2014 2233 solicitasse,
2033 2150 2116 2244 quia

727 2249 923 2324 exhibebo.
950 2249 990 2322 ln
1008 2248 1167 2320 omnibus
1183 2248 1389 2334 breviariis,
1450 2252 1540 2324 inter·
1558 2251 1754 2341 prohabiles
1766 2254 1842 2323 hinc
1864 2252 1943 2321 inde
1959 2273 2117 2345 pugnan-

725 2373 812 2445 quae
826 2346 899 2422 vidi
915 2391 927 2429 ,
944 2354 957 2438 (
972 2344 1043 2417 vidi
1062 2364 1176 2426 autem
1192 2348 1341 2440 plurima
1354 2368 1388 2436 ,r
1451 2371 1502 2424 tes
1515 2349 1695 2442 opiniones
1709 2349 1910 2421 sententiam
1925 2352 2010 2422 banc
2026 2366 2117 2418 tene·

727 2448 762 2536 in
789 2447 911 2540 quibus
929 2445 1024 2517 nonl
1046 2493 1058 2526 ,
1085 2448 1144 2518 sed
1159 2447 1184 2542 l¹
1198 2446 1391 2542 scribitur,
1453 2449 1481 2520 ri
1499 2472 1596 2541 posse
1610 2449 1754 2537 iudico,
1780 2447 1813 2519 in
1831 2446 1946 2522 multis
1971 2446 2118 2520 vocibus

726 2570 805 2622 curn
825 2549 907 2615 haec
923 2543 1031 2617 littera
1051 2561 1101 2615 est
1116 2567 1325 2628 consonans,
1343 2568 1391 2617 re·
1451 2571 1668 2623 communem
1685 2545 1787 2618 fuisse
1805 2544 2086 2639 orthographiam
2103 2588 2117 2625 ,

727 2640 1391 2740 perihuncversumitascriptumrstlr
1450 2669 1485 2719 et
1513 2643 1865 2737 pronunciationem,
1912 2661 1950 2713 ut
1979 2643 2011 2714 in
2042 2640 2117 2712 aliis

612 2745 616 2759 “
726 2743 797 2818 illo
827 2745 918 2813 lesus
942 2740 1131 2837 promicat.
1159 2739 1390 2813 Correctores
1449 2742 1640 2817 eommunis
1666 2762 1739 2813 erat
1765 2739 1934 2837 quantitas
1968 2738 2116 2835 syllaba·

723 2845 933 2940 hymnorum
956 2841 1020 2909 sub
1043 2837 1180 2910 Urbano
1207 2839 1304 2912 Vlll.
1322 2840 1389 2911 edi·
1451 2865 1526 2915 rum
1542 2860 1601 2925 ,er
1627 2842 1669 2911 ab
1695 2864 1790 2921 uno,
1822 2840 2014 2930 eodemque
2031 2834 2117 2907 scri·

725 2941 851 3013 detrun
868 2959 1007 3012 uersum
1024 2964 1033 3004 e
1049 2936 1112 3010 ,Ab
1128 2940 1197 3010 alto
1212 2948 1303 3011 lesus
1316 2956 1392 3035 pro·
1451 2959 1550 3033 ptore
1576 2962 1672 3031 posse
1690 2937 1855 3011 utrolibet
1884 2938 1989 3011 ruodo
2009 2932 2114 3006 scribi

724 3039 855 3110 micat.
886 3037 951 3109 Sed
989 3059 1067 3113 cunt
1100 3034 1132 3110 in
1162 3064 1202 3113 ea
1236 3039 1388 3112 editione
1449 3040 1622 3122 litterari,
1649 3059 1682 3109 er
1706 3035 1868 3119 listram,
1896 3033 2120 3114 seculum,et

719 3133 826 3208 ‘etiam
841 3134 856 3218 l
873 3157 1055 3213 consonans
1072 3160 1207 3231 semper
1220 3141 1317 3230 erepti
1325 3162 1389 3210 rna·
1447 3136 1617 3211 saeculum
1633 3160 1653 3223 ς,
1671 3159 1737 3230 qua
1764 3136 1796 3208 in
1825 3160 1862 3209 re
1889 3134 1990 3207 liceat
2006 3128 2119 3205 cuivis

725 3232 917 3328 turperl,
944 3234 1125 3341 sphirae
1143 3235 1387 3331 regulahauri·
1446 3260 1518 3309 esse
1536 3234 1819 3327 probabilistam.
1851 3234 2000 3306 Nullum
2030 3250 2117 3301 veto
2177 3270 2180 3276 ·

725 3330 755 3405 ti
772 3347 886 3425 potest
899 3350 963 3420 pro
982 3351 1072 3407 recta
1085 3333 1251 3409 scribendi
1284 3334 1387 3405 ratio·
1445 3336 1559 3406 locum
1575 3334 1786 3405 excusationi
1802 3356 1874 3406 esse
1893 3351 2006 3425 puto,
2033 3349 2115 3399 curn

724 3452 766 3506 ne
783 3478 795 3501 .
811 3427 860 3504 iix
875 3446 984 3503 metro
998 3451 1117 3508 autent
1130 3433 1268 3526 liquet,
1285 3432 1301 3504 l
1320 3436 1385 3507 hoc
1442 3432 1458 3520 l
1478 3454 1541 3524 pro
1555 3431 1571 3503 Ι
1586 3428 1698 3505 vocali
1712 3447 1895 3511 exeratur,
1920 3431 2014 3527 quod
2034 3447 2111 3516 pas·

725 3528 805 3612 loco
833 3525 988 3603 vocalem
1015 3531 1162 3607 litteram
1193 3556 1291 3618 esse,
1319 3554 1386 3605 non
1443 3533 1507 3606 sim
1525 3530 1597 3609 fieri
1615 3527 1759 3604 rideoin
1777 3527 1891 3608 verbis
1907 3526 2111 3620 quibusdam

724 3643 996 3715 consonantem,
1027 3650 1061 3705 et
1080 3651 1262 3725 propterea
1280 3652 1386 3727 typo·
1448 3628 1608 3725 graecis,
1639 3645 1677 3699 ut
1708 3628 1741 3702 in
1771 3653 1814 3701 eo
1846 3622 1985 3700 Horatii
2013 3644 2119 3717 versu

617 3792 622 3803 f
725 3717 873 3826 g'raphos
886 3772 898 3809 2
911 3724 970 3821 qui
987 3754 1156 3824 nunquam
1174 3732 1190 3820 J
1212 3729 1386 3814 adhibent,
1452 3731 1525 3805 Oris
1545 3750 1578 3816 3·
1595 3723 1718 3814 libus
1739 3724 1914 3799 obstrictis
1930 3723 2007 3795 aliis
2018 3737 2117 3816 pree·

725 3823 787 3898 nisi
817 3845 895 3897 eum
925 3843 976 3898 est
1003 3849 1385 3912 consonans,errrare,
1448 3842 1502 3903 rer
1524 3825 1681 3925 iapyga·
1705 3827 1795 3900 Nam
1822 3847 1865 3898 eo
1884 3824 1963 3902 loeo
1991 3821 2116 3914 iapyga

726 3924 958 3995 dumrersum
987 3928 1078 4024 typis
1092 3931 1292 4010 excudunt,
1323 3924 1387 3996 Ab
1448 3943 1499 4001 est
1528 3922 1822 4017 quadrisyllabum
1843 3972 1854 4005 ,
1875 3941 1913 3994 ut
1948 3944 1993 3994 ex
2020 3934 2120 4014 prae·

726 4018 794 4091 alra
809 4025 898 4092 lesus
909 4028 1097 4120 promicat,
1112 4028 1170 4119 qui
1183 4027 1324 4099 omnino
1341 4025 1387 4098 ita
1447 4040 1497 4099 rer
1522 4026 1645 4118 iapyga
1673 4030 1743 4095 duo
1769 4019 1896 4118 dactyli
1927 4019 2088 4093 eveniant
2101 4062 2115 4087 .

726 4139 776 4191 est
792 4120 1007 4206 reddendus,
1038 4122 1101 4196 „ab
1119 4126 1186 4196 alto
1204 4134 1295 4198 ltrrts
1307 4137 1407 4218 pron
1433 4123 1789 4217 ‘Praeterquamquod
1804 4120 1831 4196 sl
1866 4117 1970 4215 origo
1995 4137 2117 4211 graeca

727 4218 827 4294 micat
853 4266 864 4292 .
892 4214 925 4289 si
960 4224 1167 4318 typographi
1206 4219 1386 4319 diligentia
1448 4219 1663 4306 retineatur,
1692 4222 1782 4316 apud
1815 4221 1968 4294 Graecos
1996 4216 2006 4288 i
2036 4238 2120 4287 nun·

724 4331 821 4392 ‘meae
848 4315 1015 4392 voluntati
1045 4320 1300 4414 respondisset,
1328 4344 1387 4394 eu·
1447 4343 1551 4415 quam
1585 4314 1656 4394 vim
1677 4318 1893 4393 consonantis
1930 4318 2030 4391 babet
2051 4360 2063 4395 ,
2088 4308 2115 4381 si

725 4437 851 4490 sassent
867 4438 932 4516 ego
947 4419 1075 4502 etiam,
1100 4440 1137 4495 ut
1153 4420 1186 4491 in
1203 4421 1268 4492 hoc
1286 4442 1388 4515 gene·
1448 4417 1517 4491 ritu
1539 4414 1646 4491 latino¹
1659 4440 1783 4494 nomen
1803 4415 1890 4492 illud
1909 4415 2115 4510 proteratur,

726 4528 764 4587 re
780 4515 885 4610 magis
900 4536 1080 4605 constans,
1109 4517 1300 4611 similisque
1316 4517 1385 4589 sibi
1447 4516 1692 4592 inflectendum
1707 4517 1823 4614 potius
1837 4532 1923 4591 esset
1936 4517 2115 4607 lapygm»

726 4631 814 4684 esset
838 4615 905 4688 mei
919 4619 1034 4708 operis
1050 4616 1324 4714 orthographia,
1353 4634 1387 4690 et
1448 4617 1553 4710 atque
1568 4617 1612 4693 ita
1627 4642 1669 4694 ts
1695 4636 1841 4712 utraque
1868 4631 1961 4705 parte
1993 4624 2117 4696 perpe-

726 4732 862 4801 semper
878 4716 1080 4804 characteri
1098 4719 1191 4813 prol
1209 4739 1389 4789 consonan-
1449 4738 1520 4790 ram
1535 4716 1699 4791 scribitur
1713 4718 1860 4811 iapyga.
1876 4708 1932 4779 Ad
1946 4724 2046 4797 quem
2063 4721 2117 4771 er·

729 4824 763 4881 ie
790 4806 907 4883 fuisset
943 4818 1145 4902 adhibitus,
1176 4814 1392 4914 quandoqui·
1453 4836 1567 4890 rorem
1587 4817 1754 4909 quadrare
1770 4796 2118 4912 possetdictumele·

727 4908 808 4982 dem
821 4910 925 4983 semel
938 4914 1111 4985 adhibitus
1125 4916 1190 4989 fuir
1202 4963 1214 4995 ,
1226 4935 1329 5007 atque
1345 4912 1391 4987 ita
1452 4936 1533 5008 gans
1547 4911 1580 4983 in
1598 4910 1757 4986 Sabinum
1786 4901 1952 4976 Clodium
1973 4923 2043 4972 uno
2060 4901 2118 4992 dre

730 5012 831 5110 etiarn
847 5005 882 5079 in
898 5005 970 5085 aliis
986 5009 1155 5098 vocibus,
1183 5017 1227 5088 de
1244 5033 1390 5107 quarunt
1450 5004 1776 5108 etgraeeeetlasine
1788 5005 2056 5078 declamantem
2071 4999 2116 5073 de
