5084 6234
576 831 631 947 5⁶
993 811 1104 900 nn
1164 816 1525 907 numnis

563 976 623 1060 Re
640 992 773 1058 tamen
790 990 886 1053 veta
912 959 1103 1044 Maurini
1119 986 1168 1044 ex
1196 958 1425 1047 testimonio
1452 960 1559 1047 illius
1588 960 1796 1051 Sermonis
1812 966 1954 1057 admit·⁸

564 1115 660 1178 tunt
677 1090 790 1172 hunc
809 1085 941 1199 ipsum
958 1081 1161 1191 hymnum
1174 1111 1204 1154 =
1228 1077 1371 1163 Aeolis
1385 1107 1490 1167 ortus
1504 1079 1684 1183 cardine,
1710 1072 1855 1169 omisso
1869 1078 1950 1173 hoc

566 1204 784 1330 principi0,
802 1200 917 1315 quod
933 1227 981 1282 ex
1000 1196 1078 1281 alio
1098 1199 1255 1310 hymno
1269 1196 1441 1311 petitum
1459 1223 1540 1285 est.
1560 1196 1663 1283 Illud
1682 1231 1842 1288 monere
1861 1232 1949 1289 non

566 1324 744 1447 pigebit,
762 1320 803 1403 in
822 1315 1059 1432 Hymnariis
1077 1315 1197 1401 etiam
1214 1313 1380 1403 vetustis
1394 1342 1509 1430 saepe
1531 1318 1708 1427 hymnos
1725 1346 1954 1409 commuta·

566 1473 610 1534 to
630 1467 844 1544 auctorum
865 1435 1028 1522 nomine
1048 1493 1062 1532 ,
1092 1459 1131 1519 et
1145 1430 1318 1546 strophis
1336 1430 1432 1517 hinc
1451 1431 1546 1516 inde
1565 1436 1765 1524 translatis
1781 1467 1953 1555 appare·

565 1594 607 1652 re
624 1627 637 1664 ,
653 1592 699 1648 ac
718 1583 1023 1669 nonnunquam
1037 1582 1172 1636 unum
1200 1551 1374 1663 aliquem
1390 1550 1593 1663 hymnum
1606 1580 1657 1638 ex
1675 1554 1810 1642 multis
1825 1555 1957 1643 diver-

484 1781 487 1787 ,
567 1710 707 1771 sorum
735 1704 953 1764 auctorum
981 1670 1157 1788 strophis
1183 1698 1262 1755 esse
1296 1693 1584 1782 compactum.
1618 1672 1822 1757 Praeterea
1858 1702 1956 1758 cunt

567 1797 723 1915 Hymni
743 1792 958 1912 cujuslibet
991 1787 1167 1876 auctoris
1182 1784 1426 1873 Ambrosiam
1448 1786 1603 1875 fuerint
1619 1788 1831 1905 appellati,
1865 1818 1959 1875 ma·-

567 1949 646 2036 gna
660 1917 754 2001 inde
781 1942 914 1999 rerum
929 1906 1158 2027 permistio,
1178 1935 1224 1991 ac
1240 1903 1492 2021 perturbatio
1508 1931 1604 1992 nata
1620 1932 1701 2010 est,
1714 1930 1834 2021 atque
1851 1909 1957 1993 adeo

566 2036 741 2153 lapidem
776 2030 936 2143 lydium
963 2024 1153 2112 adhibere
1187 2044 1376 2139 oportet,
1407 2046 1455 2108 ut
1473 2026 1660 2137 Hymnos
1687 2030 1728 2112 8.
1748 2025 1954 2112 Ambrosii

572 2157 626 2239 ab
641 2147 931 2247 Anrbtosinnis,
950 2147 1022 2260 qui
1054 2172 1149 2228 eum
1171 2170 1255 2225 non
1274 2142 1426 2226 habent
1458 2167 1692 2248 auctorem,
1729 2141 1959 2260 distingua-

568 2301 690 2358 mus.
722 2267 784 2353 Ac
801 2267 961 2351 fortasse
979 2291 1028 2348 ex
1056 2258 1391 2346 istoAmdrosiani
1409 2259 1570 2344 nomine
1604 2290 1715 2347 error
1745 2261 1957 2363 manavit,
2079 2289 2081 2291 ·

570 2389 687 2505 quod
707 2389 887 2499 hymnus
905 2384 959 2467 Te
975 2382 1101 2464 Deum
1119 2379 1320 2463 laudamus
1337 2405 1358 2457 a
1377 2378 1416 2459 S.
1434 2376 1651 2476 Ambrosio
1667 2378 1923 2496 praecinente
1941 2439 1957 2480 ‚-

570 2533 609 2593 et
628 2504 786 2593 alternis
803 2497 1070 2617 respondente
1087 2493 1363 2608 &Augustino
1380 2493 1502 2579 fuerit
1522 2497 1769 2614 compositus
1786 2562 1797 2583 .
1816 2498 1959 2612 Quam

572 2623 811 2740 opinionem
826 2618 1004 2734 plerique
1031 2613 1220 2729 rejiciunt
1238 2636 1286 2696 ut
1301 2611 1554 2714 fabulosam
1591 2616 1739 2701 interea
1757 2614 1958 2706 incertum

570 2768 655 2841 est,
671 2740 862 2853 quisnam
876 2763 995 2824 verus
1012 2731 1115 2815 illius
1133 2728 1288 2843 Hymni
1325 2755 1467 2817 auctor
1491 2732 1665 2820 extiterit
1679 2732 1747 2846 (tt)
1767 2794 1779 2816 .
1796 2731 1958 2817 Verum

570 2856 753 2946 Editores
770 2851 981 2952 Maurini,
999 2850 1071 2964 qui
1088 2854 1202 2964 saepe
1223 2874 1344 2965 opera
1364 2848 1495 2932 Dubio
1513 2912 1526 2949 ,
1542 2848 1792 2967 etSuppesim
1812 2848 1957 2934 adseri.

572 2981 704 3077 bunt,
722 2975 765 3057 in
785 2968 947 3084 hymnis
963 2968 1128 3054 edendis
1146 2966 1317 3050 nimium
1344 2966 1484 3078 parci,
1501 2995 1547 3052 ac
1567 2968 1734 3084 religiosi
1754 2969 1958 3065 fuerunt,
2011 3054 2013 3057 Α

570 3119 610 3181 et
625 3090 850 3180 testimonia
868 3086 999 3174 bedae
1016 3148 1029 3186 ,
1048 3112 1086 3171 et
1103 3083 1312 3169 Hincmari
1333 3083 1567 3171 Rhomensis
1592 3085 1793 3200 quosdam
1808 3082 1955 3169 unm.

571 3208 695 3299 brosii
712 3211 887 3321 hymnos
915 3203 1172 3290 laudantium
1193 3228 1265 3289 aut
1297 3202 1569 3317 ignorarunt,
1601 3230 1674 3293 aut
1706 3227 1960 3324 contempens

573 3350 703 3417 runt.
731 3325 839 3419 Vide
867 3321 992 3446 hujus
1009 3318 1314 3414 Dissertationis
1344 3314 1381 3453 y.
1400 3321 1530 3408 XXX.
1873 3331 1877 3338 ’

626 3577 680 3663 (a)
708 3570 821 3650 Huius
849 3567 968 3660 hymni
1004 3565 1132 3640 mentio
1156 3563 1243 3636 anti·
1304 3559 1961 3660 capul-9.censet,leeetioEpisco-

567 3669 681 3765 quior
694 3664 758 3737 alis
773 3663 855 3737 mihi
870 3688 935 3735 non
950 3664 1126 3746 occurrit,
1142 3686 1242 3756 quam
1305 3685 1351 3753 po
1367 3661 1561 3734 Trevirensi
1577 3709 1588 3743 ,
1605 3663 1663 3755 qui
1682 3663 1821 3735 circiter
1833 3680 1958 3733 annum

577 3790 665 3862 quae
698 3763 810 3856 repeti
828 3780 940 3855 potest
957 3786 1001 3839 ex
1034 3760 1243 3837 Monasrerio
1305 3764 1386 3853 564.
1398 3758 1509 3842 obiit,
1539 3763 1626 3832 hunc
1653 3762 1834 3856 Hymoum
1852 3753 1959 3835 fuisse

577 3860 782 3937 lirinensi.
822 3858 954 3954 Regula
983 3861 1018 3931 8.
1035 3858 1243 3941 Caesarine,
1299 3856 1498 3931 conditum.
1527 3857 1593 3929 Sed
1611 3858 1837 3953 antiquiorem
1864 3850 1959 3924 illius

579 3985 666 4057 quae
681 3957 768 4029 obiit
794 3958 885 4029 circa
910 3981 1032 4029 annum
1055 3976 1134 4047 530.
1154 3958 1242 4051 apud
1298 3954 1469 4049 originem
1501 3955 1714 4047 agnoscimus
1748 3980 1793 4028 ex
1824 3952 1961 4026 laudate

580 4056 734 4134 sottum.
761 4053 815 4124 die
835 4075 891 4123 rt.
907 4055 1061 4127 Ianuarii
1075 4102 1086 4136 ,
1102 4054 1241 4125 exhibet
1298 4052 1431 4146 Regula
1446 4053 1479 4122 8.
1494 4052 1675 4126 Caesarine
1691 4100 1703 4136 ,
1728 4075 1831 4148 quam
1847 4064 1963 4123 erast-

580 4155 675 4247 §.XL
693 4152 849 4224 ordinem
863 4154 1137 4248 quemadmodum
1152 4150 1244 4247 psal-
1298 4148 1351 4221 vit
1382 4153 1454 4232 ejus
1479 4149 1584 4221 frater
1606 4151 1640 4222 8.
1655 4150 1864 4232 Caesarius,
1892 4142 1963 4240 pri·

549 4296 569 4322 s
580 4256 649 4326 lere
678 4248 821 4321 debeatis
838 4272 879 4319 ex
912 4252 1165 4346 maximaparte
1189 4271 1243 4319 se·
1301 4271 1393 4324 mum
1409 4247 1596 4320 Monachus
1609 4244 1963 4332 lirinensis,deinds

582 4352 726 4425 cundum
761 4349 916 4418 Ordinem
946 4349 1142 4420 monasterti·
1159 4349 1244 4418 Liri·
1299 4368 1387 4420 anno
1406 4361 1485 4428 502.
1514 4343 1703 4441 Episcopus
1733 4340 1961 4427 Arelatensit·

583 4449 692 4523 nemis
710 4495 721 4529 ,
752 4464 787 4515 et
803 4443 849 4516 ibi
864 4445 1097 4536 praecipitur,
1122 4454 1161 4513 ln
1187 4452 1244 4513 So·
1300 4443 1434 4536 Regula
1448 4441 1613 4536 appellari
1627 4448 1716 4518 solet
1730 4436 1961 4519 &Caesarisse

585 4542 814 4620 lemnitatibus
827 4563 908 4613 vero
923 4542 1002 4640 ipsis
1016 4542 1160 4639 impletis
1173 4550 1247 4613 Ma·
1300 4538 1356 4612 uel
1373 4540 1408 4611 S.
1423 4538 1576 4612 Caesarii
1590 4588 1603 4626 ‚
1632 4561 1668 4615 et
1679 4544 1821 4617 dicenda
1846 4533 1964 4630 potrus

585 4644 701 4717 tutiuis
717 4657 750 4712 et
766 4642 922 4735 hymnum
940 4641 1062 4712 dicante
1079 4646 1123 4710 Te
1139 4648 1245 4711 Deum
1304 4655 1390 4710 esset
1405 4638 1440 4709 S.
1456 4636 1611 4712 Caesarii
1626 4644 1667 4714 sd
1685 4642 1721 4710 8.
1734 4632 1931 4708 Caesarium
1951 4677 1964 4714 ,

586 4742 797 4814 Laudamus.
826 4737 1034 4831 Binghamus
1059 4738 1154 4830 orig.
1177 4739 1250 4814 sive
1306 4737 1403 4819 cuius
1419 4736 1619 4810 Arelatense
1645 4734 1892 4816 Monasterium
1910 4751 1968 4801 an·

587 4837 764 4939 antiquit.
783 4833 1090 4911 ecclesiasticarum
1113 4833 1173 4909 lib.
1193 4857 1250 4935 ¹4·
1309 4855 1353 4905 no
1370 4850 1450 4925 512.
1465 4835 1657 4915 absolutum
1672 4849 1748 4911 est.

1813 4962 1850 5094 r.
1871 4964 1969 5059 xv.
