5084 6234
850 818 1401 914 utsssutctt
1735 839 1828 955 sss.

724 979 958 1092 Pauperutu
991 969 1107 1053 Patet
1134 989 1306 1054 vocatus

783 1087 983 1180 Redditus
1007 1080 1206 1171 Ecclesiae

785 1208 996 1323 Erogabst
1028 1201 1242 1292 affluenter

786 1332 838 1414 ln
870 1321 1201 1426 necessitatibus,

785 1449 844 1533 Ut
865 1441 943 1531 sibi
961 1440 1127 1528 'deesset
1164 1465 1260 1530 ants

786 1561 970 1653 Cuilibet
998 1589 1127 1674 quam
1156 1559 1359 1651 subditos

460 1803 526 1895 Ad
537 1805 702 1896 laudes.
730 1755 956 1897 Eminens
978 1829 1140 1941 accepta
1175 1801 1288 1891 caelo

789 1923 942 2025 Juliani
974 1925 1150 2012 charitas

784 2043 1096 2162 Comprobamr
1130 2043 1352 2162 impetratis

784 2165 956 2286 Saepius
993 2161 1227 2264 miraculis,

785 2284 917 2396 Queis
949 2282 1063 2364 Deus
1093 2280 1250 2394 plebem
1283 2279 1451 2369 redemit

783 2398 856 2484 Ad
882 2424 1017 2514 preces
1049 2395 1283 2482 Antistitis.

733 2512 871 2604 Affuit
893 2516 956 2605 vis
984 2544 1134 2632 magna
1161 2513 1331 2634 frugum

787 2635 917 2725 Missa
946 2633 1047 2722 caeli
1077 2663 1278 2738 munere,

789 2755 905 2845 Cum
941 2754 1029 2843 lues
1064 2755 1235 2846 saeviret
1260 2773 1379 2842 atrox

787 2876 980 2964 Prd'tinus
1012 2865 1241 2995 disparuit;

788 2996 921 3108 Quod
952 3025 1083 3110 genus
1117 3024 1204 3077 non
1231 2993 1293 3077 ille
1329 2992 1461 3079 morbi

780 3109 963 3226 Dispulit
986 3106 1226 3196 divinitus‘l

662 3280 676 3321 t
727 3226 816 3317 Nec
847 3224 988 3316 minus
1011 3249 1195 3345 receptus
1228 3227 1379 3336 astris,

786 3349 996 3437 Annuens
1017 3341 1260 3466 rogantibus

786 3469 901 3559 Mille
934 3470 1113 3569 damna,
1146 3467 1249 3555 mille
1266 3487 1451 3584 poenas3

783 3587 899 3674 Mille
928 3612 1075 3676 mortes
1095 3583 1283 3688 sustulit,

783 3704 962 3795 Concha
992 3704 1181 3823 plaudit,
1213 3730 1254 3793 et
1280 3699 1484 3824 sepulchri

782 3823 949 3917 Gaudet
973 3853 1082 3911 urna
1114 3823 1272 3912 nobili.

730 3939 929 4049 Iuliane,
962 3972 1026 4030 tus
1056 3975 1110 4034 ns
1136 3970 1293 4035 nostras

785 4064 979 4153 Nationis
1009 3977 1170 4182 gloria,

782 4183 954 4301 Adjuva
988 4208 1082 4272 tuos
1104 4187 1244 4273 Iberos

786 4303 1003 4391 Faustitate
1031 4301 1234 4419 plurima,
1465 4397 1468 4402 ,

785 4423 1003 4526 Floreant,
1028 4423 1248 4540 Deumque
1277 4414 1449 4517 luudent

788 4536 961 4647 Corde,
990 4571 1120 4648 voce,
1148 4543 1371 4634 sensibus.
1554 4647 1582 4744 k

428 4833 535 4932 ipsum
546 4840 727 4934 ramaeyum
740 4860 809 4914 este
824 4853 994 4915 auctorem
1007 4839 1084 4917 isto·
1146 4859 1383 5019 qnamfostta
1413 4841 1592 4922 historicus
1619 4795 1826 4924 sceltalus}

428 4954 503 5005 ram
521 4940 732 5025 carminum
760 4962 847 5039 quas
869 4943 1084 5025 iuniorem·
1146 4939 1254 5036 ειμι
1268 4946 1322 5020 is·

422 5034 544 5128 prgis,
575 5036 682 5114 nihilo
708 5055 788 5115 tunc
810 5056 912 5141 poeta
934 5041 1081 5150 uelim
1169 5083 1176 5118 -·
