5084 6234
989 841 1527 939 HisPANrCn
1869 862 1952 962 qr!

802 996 905 1082 Ecce
945 990 1032 1078 dux
1074 1010 1210 1076 noster
1235 1020 1250 1090 ;
1275 988 1521 1106 puteiorbis
1548 1011 1667 1085 ecce;

798 1110 986 1230 Angelus·
1011 1131 1147 1196 curtos
1179 1104 1330 1209 datur,
1355 1133 1394 1195 et
1418 1107 1600 1195 levamen

796 1233 1002 1322 Omnibus
1040 1259 1056 1331 ς
1104 1253 1202 1315 cura
1227 1224 1325 1343 vigil
1352 1226 1420 1314 iate
1451 1223 1615 1343 prodest

976 1344 1165 1463 Angelus
1199 1344 1359 1463 aegris.

799 1471 928 1589 Erigit
953 1470 1115 1586 lapeos,
1149 1486 1259 1552 tenet
1288 1491 1328 1552 et
1363 1462 1575 1566 labantes,

802 1591 952 1677 Firmat
977 1608 1160 1688 erector,
1185 1582 1312 1702 pietas
1334 1581 1498 1668 Camilli

805 1705 983 1829 Despicit
1008 1699 1207 1806 nullum,
1244 1700 1518 1814 miseransque
1549 1698 1730 1801 mulcet,

984 1818 1160 1933 Protegit
1196 1848 1336 1907 omnes
1370 1880 1381 1901 .

803 1943 878 2029 Vis
905 1962 990 2026 erat
1020 1935 1160 2038 laesis,
1192 1966 1339 2027 manue
1372 1962 1494 2053 atque
1523 1940 1709 2043 truncis3

802 2066 873 2150 Pes
908 2083 994 2147 erat
1025 2053 1212 2166 claudie,
1245 2058 1474 2173 oculusque
1500 2058 1676 2161 eaeeis3

806 2178 961 2297 indigis
990 2207 1170 2277 aurum,
1192 2177 1346 2267 miserit
1379 2175 1573 2294 juvamen
1589 2210 1625 2281 3*

986 2294 1140 2379 Omnia
1180 2292 1370 2385 eunctis.·.

807 2414 1000 2501 Charitas
1032 2408 1198 2503 tandem
1229 2410 1334 2501 foret
1365 2434 1413 2497 ut
1448 2409 1638 2527 perennis

806 2534 972 2631 Tanta,
1002 2548 1074 2634 re',
1098 2526 1246 2616 mirum
1276 2533 1291 2620 ἔ·
1320 2528 1414 2647 pius
1444 2528 1512 2616 hic
1540 2592 1554 2632 ,
1585 2555 1762 2651 euoaque

807 2650 964 2744 Nexuit
988 2657 1102 2758 voto,
1119 2648 1285 2739 miseros
1312 2647 1488 2767 juvandi

988 2772 1103 2859 Peste
1129 2768 1194 2860 vel
1225 2768 1338 2890 ipra.
1398 2823 1400 2828 ·

442 2948 445 2953 ·
567 2889 652 2980 Alii
680 2893 828 3012 Hymni
849 2921 925 3011 pro
955 2892 1083 2984 eodem
1109 2886 1215 3009 serto
1248 2892 1294 2980 S.
1309 2888 1466 2980 Camilli
1479 2886 1574 3010 (a).

571 3080 1035 3329 Adverp.=}ubriqae
1069 3122 1468 3331 quondametudiq:
1489 3122 1682 3329 juqlqntae

845 3273 889 3333 er
917 3272 967 3332 ne
987 3272 1031 3332 ae
1059 3270 1203 3332 errans
1225 3264 1400 3335 vetitum
1472 3271 1538 3331 am
1583 3274 1632 3336 ue

811 3364 949 3455 Devio
978 3392 1114 3481 gressu
1130 3361 1360 3495 peragebat,
1376 3361 1483 3452 inter
1645 3306 1663 3354 ’

992 3481 1170 3572 Ludicra
1203 3502 1360 3570 vitam.

810 3608 911 3693 Non
948 3626 1081 3688 tamen
1116 3626 1285 3688 eurtum
1317 3597 1473 3688 sceleris
1498 3660 1513 3701 ,
1537 3626 1613 3688 nec
1653 3596 1768 3689 istud

814 3724 1050 3839 Improbum
1077 3716 1168 3803 ludi
1199 3744 1330 3834 genus
1368 3716 1571 3808 indicarat
1665 3789 1667 3794 .

814 3838 1028 3934 Somnium
1061 3834 1197 3924 matria
1227 3832 1459 3953 gravidae,
1510 3834 1724 3955 crucisque

991 3957 1166 4046 Stemma
1204 3952 1422 4047 rubentis.

635 4163 686 4249 (a)
718 4160 815 4233 Nolo
829 4160 911 4236 aliae
928 4185 1091 4258 quaerere
1111 4183 1254 4244 erutas,
1315 4161 1441 4235 nendos
1472 4182 1526 4235 me
1556 4166 1795 4258 accingerem.
1822 4154 1905 4229 Duo
1931 4168 1980 4229 ta·

588 4274 654 4325 eur
673 4255 762 4327 inter
793 4261 946 4355 hymnos
961 4259 1121 4354 proprior
1148 4255 1254 4331 officii
1316 4280 1393 4335 men
1411 4276 1598 4333 occurrunt
1613 4270 1760 4342 versus,
1793 4255 1825 4328 in
1854 4254 1979 4348 quibet

579 4349 767 4446 ·Hispaniri
800 4358 1004 4432 &Camiilo
1035 4356 1148 4430 lotum
1177 4354 1258 4429 resi·
1316 4354 1491 4431 elisionem
1525 4359 1674 4456 trimisia
1710 4378 1742 4447 3·
1772 4357 1912 4444 stropha
1936 4355 1979 4426 ad

585 4451 789 4545 gnaverim,
825 4453 900 4526 iicet
930 4479 1075 4527 nonme
1116 4453 1254 4549 fugiat,
1316 4456 1432 4533 lauder
1465 4476 1566 4528 versu
1580 4453 1865 4555 4.,·Drtcereed·
1888 4464 1980 4525 erm

582 4551 656 4632 eius
674 4549 824 4623 officium
841 4552 882 4621 ab
901 4551 1062 4643 Hispanis
1079 4554 1180 4627 fuisse
1199 4573 1266 4647 req
1316 4574 1351 4627 et
1369 4556 1510 4645 atropha
1525 4580 1560 4648 4.
1576 4558 1617 4627 ad
1653 4551 1768 4626 lauder
1792 4570 1894 4620 versu
1915 4569 1976 4641 μ

581 4648 754 4731 citatum,
782 4668 960 4743 autequam
980 4650 1152 4725 breviario
1182 4650 1253 4722 uo·
1314 4651 1486 4751 Verbaque
1506 4651 1695 4750 inspirent,
1722 4646 1843 4744 qur'brrt
1877 4668 1979 4743 aeger

581 4770 683 4820 mano
717 4747 836 4822 fuisset
881 4747 1067 4822 insertum.
1098 4749 1251 4846 Ingenue
1310 4772 1435 4847 aeques
1449 4797 1461 4832 ,
1476 4771 1540 4843 pro
1553 4750 1677 4841 quibus
1695 4745 1729 4819 hi
1744 4761 1886 4839 pereunt
1898 4748 1980 4819 tub·

583 4844 730 4926 fatebor,
747 4845 896 4921 noluisse
911 4871 964 4919 me
981 4849 1068 4920 hune
1082 4849 1252 4943 hymnum
1312 4849 1426 4939 rogari
1455 4894 1467 4932 ,
1507 4850 1653 4934 Reddere
1682 4844 1779 4918 Caele
1805 4882 1821 4900 ·
1853 4850 1983 4939 Seggo·

584 4946 884 5033 praetermittere,
912 4945 993 5041 quia
1019 4969 1061 5019 ex
1077 4969 1121 5018 eo
1148 4968 1251 5018 oeca-
1312 4962 1536 5029 retroacte,
1568 4943 1689 5045 quibet
1707 4965 1809 5039 aeger
1823 4963 1979 5037 aequas·

582 5038 712 5117 tionem
744 5044 848 5140 cepi,
876 5065 915 5120 ut
941 5046 983 5117 ed
1001 5042 1088 5119 alior
1113 5046 1253 5121 contin·
1298 5046 1450 5122 Petrum
1464 5044 1699 5136 &Camilliab
1713 5039 1873 5138 Hispanis
1887 5039 1976 5113 olim
