5084 6234
1733 839 2831 932 HISPANICA

3506 881 3684 972 271·

1461 986 1737 1075 Viden
1771 1047 1798 1087 ‚
1855 985 2086 1071 ferox
2147 1007 2248 1072 ut
2304 985 2682 1099 undique

1590 1106 1961 1191 Assertor
2031 1106 2276 1193 instat
2343 1104 2697 1191 haeresis
2725 1166 2754 1204 ‚

1596 1224 1796 1338 Qua
1867 1222 2355 1312 Trinitatem
2420 1221 2859 1339 simplicem

1599 1342 1954 1457 Negavit
2015 1342 2268 1430 hostis
2337 1342 2638 1457 impius
2668 1340 2716 1428 ’ἔ

1472 1468 1932 1550 Damnatus
1993 1490 2217 1548 error
2280 1460 2594 1579 ingruit

1590 1584 1930 1698 Impune
2002 1608 2253 1668 terras
2311 1578 2743 1697 pervolans
2773 1641 2805 1683 ‚

1587 1699 1706 1783 Ni
1763 1729 1844 1787 se
1909 1699 2097 1814 quis
2152 1698 2369 1786 ultro
2429 1698 2846 1815 proferat,

1585 1815 1758 1931 Qui
1839 1817 2010 1907 vim
2073 1816 2475 1908 refraenet
2548 1818 2893 1935 impetus
2931 1876 2953 1901 .

1480 1935 1631 2022 His
1697 1935 2093 2025 excitatus
2156 1938 2503 2029 vocibus

1605 2054 1997 2143 Claustro
2055 2056 2427 2143 Leander
2482 2054 2681 2147 exiit
2705 2115 2737 2158 ,

1599 2175 1973 2261 Furentis
2041 2199 2141 2262 ut
2199 2175 2669 2263 retunderet

1603 2291 1918 2377 Infame
1978 2292 2231 2380 telum
2290 2289 2692 2408 dogmatis
2727 2349 2754 2374 .

949 2535 1082 2623 Ad
1104 2530 1372 2624 laudes
1401 2590 1424 2615 .

1638 2527 1793 2613 uid
1859 2561 2034 2618 non
2097 2528 2478 2617 Leandro
2535 2525 2912 2617 Praesule

1601 2652 1938 2766 Sperare
2006 2646 2319 2738 detur?
2389 2648 2635 2765 Quae
2701 2649 2943 2768 nigra

1605 2770 1800 2857 Nox
1860 2769 2047 2858 solis
2102 2768 2359 2887 hujus
2419 2767 2785 2857 candido

1602 2885 1949 2978 Obstare
2011 2889 2259 3009 possit
2317 2886 2610 2976 lumini
2662 2891 2711 2974 ‘i

1491 3005 1886 3094 Hortatur
1918 3072 1948 3112 ,
2011 3034 2299 3122 urget,
2361 3005 2817 3124 praecipit,

1605 3123 1911 3211 Gentes
1976 3149 2327 3210 remotas
2394 3120 2849 3226 convenit,

1604 3240 1972 3357 Viasque
2035 3265 2292 3331 tentat
2355 3239 2716 3345 arduae,

1603 3360 1720 3447 Ut
1769 3362 1907 3451 det
1965 3362 2306 3450 salutem
2365 3360 2687 3452 civibus
2719 3421 2744 3448 .

1483 3478 1807 3568 Frustra
1869 3482 2191 3569 furores
2248 3478 2529 3597 objicit

1607 3600 2185 3715 Leovigildus‚
2250 3599 2446 3683 nam
2518 3597 2766 3684 fidem

1605 3714 1836 3802 Alter
1898 3747 2184 3803 cruore
2248 3715 2461 3801 filius
2514 3776 2548 3817 ‚

1607 3834 1717 3921 Et
1778 3833 1973 3923 alter
2032 3835 2274 3925 armis
2335 3855 2628 3923 asseret
2686 3892 2722 3921 .

902 4047 1257 4136 Donet-is,
1295 4051 1479 4145 quod
1511 4074 1547 4122 a
1586 4051 1763 4125 Sede
1811 4054 2215 4144 Apostolica

898 4147 999 4217 die
1031 4163 1142 4231 ις.
1172 4150 1443 4245 Aprilis
1483 4173 1690 4243 ¹722·
1717 4154 1799 4222 ad
1854 4169 2063 4223 totam
2094 4154 2221 4224 Hi·

896 4244 1190 4333 spaniam
1220 4296 1245 4329 ‚
1276 4266 1343 4320 et
1375 4247 1683 4338 regiones
1719 4249 1890 4341 Regi
1947 4251 2214 4323 Catho-

899 4343 1042 4414 lico
1070 4347 1402 4426 subiectas
1429 4365 1782 4419 extensum
1810 4347 1944 4418 fuit
1966 4397 1987 4418 .
2018 4350 2215 4421 Con-

897 4444 1006 4516 fer
1029 4442 1475 4514 benedictum
1496 4445 1771 4517 xlv.de
1796 4455 1984 4518 Beat.
2011 4446 2213 4546 lib-4.

893 4556 1078 4642 part.
1112 4566 1177 4612 2.
1206 4550 1480 4637 capum.
1511 4564 1690 4613 num.
1723 4540 1837 4627 fin.
1865 4595 1886 4617 .
1948 4548 2218 4619 Adver-

901 4644 1183 4716 tendum
1216 4658 1317 4712 est
1347 4688 1371 4724 ,
1428 4642 1511 4711 de
1566 4640 1634 4710 S.
1663 4642 2012 4734 Gregorio
2058 4648 2214 4719 Ma..

902 4762 1037 4831 gno
1099 4741 1164 4812 in
1216 4742 1360 4822 eius
1413 4738 1828 4811 lectionibus
1885 4742 2210 4816 breviarii

905 4838 1194 4911 Romani
1260 4838 1577 4910 recitarit
1633 4839 1942 4911 Arianos
1978 4842 2048 4911 in
2075 4843 2209 4912 Ha·-

905 4939 1139 5029 spam'ae
1177 4941 1487 5034 repressit
1521 4988 1540 5011 .
1577 4988 1598 5009 .
1633 4989 1654 5011 .
1687 4940 1931 5011 Gothos
1969 4941 2209 5015 baere-

903 5033 1030 5117 u'n
1093 5039 1439 5114 arianam
1498 5038 1873 5140 relinquere
1936 5041 2158 5144 coegit
2181 5089 2211 5120 0

2353 4051 2672 4130 Dubium
2705 4047 2984 4145 quidem
3015 4068 3149 4121 non
3197 4060 3301 4118 est
3325 4091 3351 4130 ,
3402 4041 3567 4140 quin
3592 4041 3700 4118 8.·

2350 4150 2738 4245 Gregorius
2762 4197 2785 4231 ,
2840 4172 2995 4221 cum
3035 4144 3335 4240 primum
3367 4141 3661 4226 audivit.

2349 4254 2622 4326 Gothos
2652 4251 2733 4321 ad
2764 4247 2966 4321 fidem
2995 4244 3207 4319 fuisse
3235 4264 3605 4317 conversos
3638 4283 3665 4323 ‚

2351 4349 2605 4423 laetitia
2639 4396 2665 4431 ,
2720 4365 2790 4419 et
2869 4342 3123 4441 gaudio
3197 4339 3664 4452 exultaverit?

2351 4449 2539 4545 qnod
2562 4444 2781 4518 veteri
2818 4469 2945 4517 suo
2970 4442 3193 4517 amico
3242 4442 3554 4513 Leandro
3577 4457 3670 4509 ³1-

2349 4546 2702 4642 gnificavit
2753 4546 2962 4641 Epist.
2989 4563 3114 4637 41.
3168 4537 3285 4611 tib.
3314 4561 3391 4631 4.
3422 4534 3667 4608 Indict-

2352 4655 2476 4718 111.
2507 4691 2526 4713 .
2583 4641 2871 4738 Explere
2911 4640 3231 4736 quuendo
3284 4634 3668 4708 nullatenus

2345 4743 2542 4818 valeo
2573 4742 2905 4837 gaudium
2936 4759 3155 4811 meum
3185 4784 3207 4816 ‚
3262 4733 3441 4835 quod
3483 4755 3670 4807 com-

2343 4862 2608 4916 munem
2628 4835 2849 4925 filium
2877 4835 3284 4926 Rea-credun
3300 4829 3664 4929 glodort's-

2336 4942 2579 5013 simunt
2613 4947 2852 5033 Regem
2890 4937 2979 5010 ad
3035 4931 3446 5008 (atholia-an
3461 4925 3666 5018 §dm

2338 5038 2776 5137 integerrima
2805 5037 3062 5139 agnovi
3114 5033 3474 5129 devotion*
3498 5049 3707 5149 επις-

3098 4927 4331 5521 ιι
