5084 6234
862 787 1519 887 accusstasrtcm
1825 829 1885 923 ts

502 949 650 1072 Quid?
665 946 781 1066 quod
793 942 995 1033 Eusebius
1012 940 1233 1058 Episcopus
1250 938 1398 1058 pariter
1414 936 1690 1027 Caesariensis
1706 937 1886 1053 hymnos

500 1072 545 1158 in
563 1069 738 1158 Ecclesia
754 1067 1107 1178 Therapeutarum
1137 1062 1220 1145 ritu
1244 1059 1337 1145 csni
1360 1056 1614 1145 consuevisse
1646 1060 1772 1180 paulo
1790 1086 1885 1150 ante

435 1203 446 1214 '
499 1190 633 1280 Basilii
666 1216 823 1304 tempus
847 1177 1152 1267 affirmaverat?
1180 1177 1346 1293 Quippe
1371 1204 1420 1264 ex
1450 1179 1529 1263 hoc
1559 1178 1686 1296 capite
1706 1180 1887 1269 Philonis

485 1305 781 1424 i'herapeutas
812 1302 934 1390 fuisse
965 1296 1224 1384 Christianos
1252 1295 1455 1384 Eusebius
1486 1295 1737 1402 confirmat,
1768 1300 1889 1420 cujus

500 1429 625 1518 verba
643 1429 767 1513 habes
797 1419 834 1539 l.
855 1420 960 1511 Vlll.
978 1446 1085 1500 num.
1105 1443 1175 1531 34.
1206 1414 1356 1502 Sedulo
1388 1439 1523 1502 tamen
1555 1441 1615 1505 est
1631 1416 1889 1511 animadver-

503 1546 679 1653 tendum
696 1600 709 1637 ‚
726 1566 881 1658 praeter
898 1538 1009 1622 illum
1024 1534 1200 1621 canendi
1218 1535 1342 1623 ritum
1355 1596 1370 1638 ,
1385 1562 1509 1650 quem
1521 1533 1721 1625 Eusebius
1736 1537 1892 1644 statuit,

500 1662 609 1749 duos
628 1662 726 1747 alios
742 1660 1021 1774 Therapeutas
1051 1653 1313 1757 adhibuisse,
1330 1654 1523 1743 nimirum
1540 1656 1657 1771 quod
1688 1655 1731 1742 in
1746 1658 1891 1746 chorus

503 1780 694 1899 segregati
711 1777 871 1867 alternis
885 1772 1155 1875 succinerent,
1166 1774 1364 1889 quodque
1383 1774 1766 1891 aliquandoeorum
1781 1806 1894 1865 unus

503 1900 712 2014 hymnum
735 1898 952 2014 inciperet,
969 1922 1091 2008 quem
1105 1892 1279 1979 subinde
1298 1892 1416 1980 ceteri
1431 1921 1640 2011 pergerent
1654 1898 1894 1987 decantare.

505 2017 685 2137 Exempli
707 2021 795 2103 loco
821 2043 901 2102 esse
934 2036 1173 2131 potest'tum
1208 2011 1360 2100 alterna
1385 2008 1610 2103 modulatio
1632 2016 1897 2134 stropharum

508 2133 703 2224 inchoris
721 2165 834 2222 nunc
867 2156 1094 2249 usurpata,
1123 2156 1213 2219 tum
1238 2129 1379 2219 solitus
1396 2155 1541 2219 cantus
1570 2139 1728 2250 Hymni
1758 2134 1897 2253 Pange

506 2253 641 2375 diegus
669 2255 826 2375 gloriosi
859 2253 903 2337 ia
937 2250 1186 2366 expositione
1219 2253 1329 2335 Ven.
1362 2249 1644 2355 sacramenti,
1676 2252 1897 2370 cujuspri-

507 2402 626 2459 mum
644 2404 805 2463 versum
822 2373 1028 2484 Presbyter
1045 2370 1226 2471 orditur,
1244 2398 1289 2455 ac
1307 2369 1506 2485 reliquam
1524 2369 1671 2458 deinde
1689 2371 1898 2491 stropham

510 2515 623 2581 sotus
639 2522 695 2611 po
724 2492 815 2579 ulus
826 2491 1083 2577 continenter
1105 2490 1159 2574 ad
1175 2488 1297 2575 finem
1314 2489 1530 2608 perducit.
1603 2581 1617 2602 ⁸

509 2663 513 2671 ,
567 2640 636 2725 59.
717 2611 802 2697 uod
832 2611 941 2697 enirn
972 2638 1061 2692 uno
1092 2631 1253 2694 tantum
1287 2632 1455 2694 canente
1490 2608 1680 2699 universa
1715 2609 1899 2700 fidelium

508 2759 587 2820 con
616 2730 767 2849 regatio
783 2755 999 2815 extremam
1016 2726 1237 2814 clausulam
1257 2729 1507 2828 succineret,
1530 2728 1572 2812 id
1590 2727 1751 2849 intelligi
1771 2755 1902 2850 potest

510 2877 560 2937 ex
577 2763 982 2963 dassiano(1),qui
999 2846 1157 2948 asserit,
1172 2847 1345 2966 psalmos
1356 2846 1608 2961 quandoque
1625 2850 1900 2938 consummari

509 2972 577 3058 sub
595 2967 762 3081 Alleluju
781 2966 1050 3083 responsione,
1082 2964 1144 3051 vel
1178 2996 1227 3053 ex
1254 2966 1445 3052 Concilio
1472 2964 1821 3084 Agathensi(2),
1850 2998 1900 3057 ex

514 3117 600 3201 quo
631 3088 835 3186 habetur,
870 3084 1111 3182 orationes,
1156 3086 1237 3172 sive
1270 3084 1551 3171 conclusiones
1583 3087 1782 3202 quasdam
1812 3109 1903 3206 post

512 3204 727 3319 hymnos,
746 3232 792 3290 ac
817 3203 988 3320 psalmos
1007 3234 1030 3286 a
1050 3202 1141 3289 solis
1159 3202 1366 3324 Episcopis
1379 3217 1395 3305 ',
1412 3232 1482 3289 seu
1501 3204 1742 3319 Presbyteris
1758 3207 1903 3294 recita-

518 3346 579 3411 tas
597 3320 716 3409 fuisse
732 3387 746 3425 ,
764 3324 916 3437 quibus
934 3321 1058 3414 finitis
1078 3320 1137 3407 bis
1150 3324 1278 3409 Arnen
1295 3349 1469 3418 cunctus
1485 3326 1663 3441 populus
1682 3326 1904 3442 responde-

521 3441 591 3534 bar
620 3439 721 3556 (3).
751 3440 886 3526 Aliam
919 3441 1012 3528 item
1041 3443 1217 3529 canendi
1236 3443 1435 3531 rationem
1452 3441 1678 3553 antiquitus
1709 3444 1903 3532 usitatam

517 3585 566 3657 ex
582 3560 624 3644 S.
643 3559 884 3678 Augustino
913 3560 986 3675 (q)
1019 3558 1188 3674 explicat
1205 3563 1258 3644 V.
1289 3559 1522 3651 Cardinalis
1539 3559 1815 3667 Thomasius,
1844 3560 1903 3647 ni·

476 3679 480 3686 ’
518 3677 696 3779 mirum,
714 3678 831 3793 quod
844 3681 1051 3793 Presbyter
1069 3703 1224 3797 partem
1238 3679 1358 3764 etiam
1372 3682 1535 3765 brevem
1549 3708 1715 3778 versus,
1732 3679 1905 3778 utludi-

518 3825 567 3886 cn
584 3828 646 3883 me
660 3798 858 3898 Domine,
888 3822 1078 3897 caneret,
1103 3821 1152 3881 ut
1170 3796 1224 3884 ita
1244 3795 1401 3883 facilius
1418 3824 1508 3879 eam
1523 3795 1714 3881 memoria
1731 3796 1906 3885 retinen·

523 3939 580 4005 tes
607 3917 760 4003 Fideles
775 3941 902 4007 cantu
919 3940 1162 4034 repeterent,
1180 3943 1300 4032 atque
1315 3916 1393 4002 hoc
1411 3916 1576 4005 demum
1590 3941 1710 4033 pacto
1727 3916 1903 4035 psalmus

516 4033 794 4155 [a-Presbytero
809 4033 1119 4154 praecinente,et
1133 4035 1289 4154 Populo
1303 4036 1443 4124 eadem
1454 4039 1577 4125 verba
1595 4060 1794 4154 repetente
1804 4067 1907 4125 can-

526 4169 688 4238 taretur.
710 4157 772 4241 Ex
790 4184 877 4268 quo
889 4154 1060 4272 perspici
1078 4152 1180 4255 licet,
1199 4184 1221 4241 a
1238 4154 1378 4271 primis
1395 4153 1593 4241 Ecclesiae
1607 4156 1748 4242 seculis
1764 4154 1808 4240 in
1824 4184 1905 4243 usu

514 4263 651 4362 {trisse
668 4298 791 4360 totam
809 4276 918 4359 hanc
934 4269 1108 4359 canendi
1125 4273 1374 4377 uarietatem,
1392 4304 1498 4390 quae
1514 4274 1639 4360 modo
1655 4277 1907 4384 observatur,

527 4384 646 4500 quod
662 4388 882 4504 aliquando
896 4421 1008 4479 unus
1025 4405 1186 4479 tanturn
1219 4391 1331 4481 canit
1346 4455 1360 4497 ,
1378 4392 1601 4510 aliquando
1617 4423 1757 4481 omnes
1772 4391 1908 4500 simul,

525 4530 643 4600 nunc
674 4510 955 4633 unuaptaeit,
971 4539 1094 4632 quem
1114 4508 1258 4629 reliqui
1274 4537 1527 4626 sequuntur,
1537 4544 1673 4715 Gnunc
1706 4509 1909 4618 vicissim,

577 4811 632 4901 (a)
660 4806 776 4881 Liba.
788 4811 831 4883 de
845 4810 927 4887 lnsr.
943 4816 1102 4890 Coenob.
1115 4841 1147 4893 c.
1160 4834 1192 4908 ς.
1241 4818 1389 4891 Praefat.
1405 4833 1529 4891 roms.
1542 4838 1640 4912 oper.
1656 4817 1688 4891 ia
1706 4818 1882 4894 Psalmos.

578 4911 631 4994 (a)
658 4907 759 4978 Anno
776 4914 856 4995 506.
873 4912 1069 5006 Canon3s.
1292 4921 1350 5009 (4)
1376 4916 1414 4987 ln
1433 4915 1601 5011 psalmum
1620 4922 1732 4997 an&
1761 4933 1907 4991 tractatu

582 4992 636 5100 (ι)
652 5003 742 5083 Vide
758 5007 803 5086 V.
816 5010 1148 5094 Card.Thonaslun
1161 5013 1195 5092 in
1244 5033 1309 5109 aa.
1323 5014 1364 5089 ln
1377 5012 1544 5104 loannem
1556 5033 1688 5120 namq.
