5084 6234
1689 837 2766 936 HISPANICA

1425 994 1718 1075 Laetus
1788 986 2156 1073 tumescit
2219 985 2522 1101 gaudio

1539 1105 2042 1206 Praefectus,
2111 1131 2202 1187 ac
2263 1131 2483 1219 spem
2512 1101 2899 1205 devorat,

1544 1225 1876 1308 Aurum
1934 1222 2158 1311 velut
2216 1218 2381 1337 jam
2446 1218 2879 1309 conditum

1541 1337 1796 1426 Domi
1867 1366 2235 1426 maneret
2262 1400 2291 1441 ,
2325 1339 2667 1457 gestiens
2703 1402 2723 1425 .

1431 1458 1974 1574 Praescriptus
2039 1488 2143 1544 en
2204 1457 2372 1575 jam
2440 1458 2783 1548 fluxerat

1549 1578 1752 1663 Dies
1800 1638 1829 1676 ‚
1892 1577 2223 1664 furebat
2286 1577 2603 1667 fervido
2705 1625 2712 1633 ·

1546 1693 1812 1793 ,ludex
1867 1721 2164 1781 avarus
2224 1692 2515 1811 spiritu

1234 1845 1365 1901 10.
1551 1808 1951 1897 Promissa
2009 1809 2210 1900 solvi
2278 1810 2647 1930 flagitans
2708 1869 2731 1893 .

1428 1934 1740 2049 Aegros
1796 1934 1830 2033 '‚
1914 1957 2208 2046 egenos
2237 1993 2264 2031 ,
2359 1956 2757 2047 pauperes
2814 1987 2845 2032 2

1550 2051 1793 2165 Quos
1863 2046 2760 2136 Christiani-nutriunt
2818 2107 2851 2151 2

1553 2165 2053 2283 Recolligens
2114 2168 2614 2252 Laurentius

1557 2286 1759 2369 Adit
1823 2284 2181 2369 tribunal
2245 2282 2555 2379 Judicis
2593 2341 2616 2365 .

3437 861 3604 979 329'
3701 942 3708 948 .

1441 2401 1663 2487 Tum
1723 2401 2070 2513 Marryr:
2167 2400 2477 2485 assistas
2523 2395 2770 2489 velim
2826 2455 2857 2500 ,

1257 2550 1394 2604 11.
1580 2521 2057 2633 Coramque
2117 2542 2531 2636 congestas
2596 2546 2789 2632 opes

1563 2638 1862 2724 Mirere
1921 2695 1952 2739 ‚
2012 2667 2220 2752 quas
2273 2662 2542 2724 noster
2616 2636 2853 2724 Deus

1555 2755 1987 2847 Praedives
2046 2757 2134 2841 in
2186 2753 2501 2844 Sanctis
2561 2758 2855 2844 habet.

1432 2874 1559 2962 En
1628 2905 1818 2994 ergo
1891 2906 2269 2964 nummos
2334 2902 2625 2962 aureos
2669 2936 2701 2977 ‚

1549 2996 1795 3107 Quos
1863 2997 2226 3109 proxime
2287 2993 2885 3107 spoponderam
2943 3050 2971 3092 ,

1557 3112 1801 3224 Quos
1865 3138 2013 3195 nec
2079 3109 2370 3198 favillis
2438 3114 2741 3198 obruat

1566 3226 1846 3314 Ruina
1915 3289 1946 3332 ‚
2020 3258 2168 3316 nec
2233 3228 2372 3317 fur
2437 3228 2866 3321 subtrahat

919 3481 994 3553 4.
1024 3460 1300 3557 implete
1344 3464 1666 3536 dic-torum
1687 3460 1886 3550 fidem
1921 3511 1942 3537 .

923 3574 954 3640 5
999 3560 1222 3646 Refert
1250 3564 1337 3631 ad
1360 3563 1509 3643 ista,
1547 3580 1663 3633 aut
1696 3565 2035 3638 turbidum
2061 3617 2086 3640 .

907 3658 975 3721 6.
1017 3660 1140 3727 Sed
1172 3680 1290 3729 nec
1325 3682 1549 3731 recuso
1581 3665 1866 3757 prodere
1893 3710 1913 3732 .

902 3773 978 3845 7·
1011 3756 1382 3853 locupletis
1432 3783 1658 3831 arcam
1687 3760 2019 3852 'Numinis
2061 3807 2084 3831 .

913 3852 982 3920 8.
1013 3855 1313 3949 vulgabo
1366 3874 1599 3928 cuncta
1630 3905 1653 3940 ‚
1706 3873 1771 3927 et
1788 3855 2127 3953 proferam
2155 3906 2176 3929 .

909 3971 980 4035 9.
1023 3956 1322 4025 Pretiosa
1378 3976 1548 4052 quae
1595 3956 1891 4026 Christus
1950 3959 2178 4051 gerit.

871 4064 987 4117 xo.
1019 4054 1357 4123 ‘Promissa
1386 4054 1568 4126 solvi
1592 4051 1967 4150 efflagitans
1997 4102 2021 4127 .

872 4161 901 4213 1
927 4165 986 4212 ι.
1016 4154 1378 4245 Coramque
1417 4155 1762 4250 dispositas
1785 4168 1935 4250 opes
1963 4200 1984 4223 .

871 4257 902 4308 1
921 4262 985 4309 2.
1017 4245 1360 4316 Hinct'nde
1388 4267 1666 4325 tortores
1682 4266 1930 4347 parant
1957 4295 1977 4321 .

869 4359 987 4430 13.
1021 4345 1312 4430 Νικίαι-ε
1347 4349 1594 4418 amictu
1632 4359 2005 4443 Martyrem
2036 4395 2057 4418 .

870 4459 984 4534 14.
1026 4442 1290 4511 Vmcire
1315 4445 1633 4526 membra,
1665 4463 1728 4516 et
1763 4449 2028 4519 tendere
2056 4492 2080 4517 .

862 4535 961 4609 Hi
1001 4537 1315 4609 nimirum
1343 4558 1497 4611 sunt
1525 4567 1760 4615 versus
1794 4543 2180 4625 prudentii,

867 4657 998 4729 pro
1049 4637 1293 4730 quibus
1320 4638 1483 4710 alios
1521 4641 1836 4712 substitui
1875 4667 1896 4726 3
1946 4665 2183 4714 versus

875 4753 1017 4820 15„
1063 4741 1197 4816 16„
1223 4756 1289 4807 et
1336 4759 1442 4830 ¹7·
1476 4786 1497 4818 ‚
1528 4757 1594 4807 et
1624 4742 1970 4828 stropham
2003 4746 2074 4809 6.
2102 4741 2184 4811 ad

874 4828 1289 4907 Matutinum
1348 4838 1574 4908 denuo
1601 4837 1869 4908 condidi
1898 4885 1919 4917 ,
1952 4854 2024 4907 ut
2052 4858 2190 4908 nar·

869 4928 1197 5005 rationem
1228 4938 1694 5007 contraherem
1720 4985 1742 5021 ‚
1772 4960 1944 5030 quae
1979 4935 2041 5007 in
2072 4938 2198 5030 hy·

869 5044 1029 5095 mno
1055 5027 1410 5109 prudentii
1450 5056 1611 5130 147·
1639 5037 1947 5130 strophas
1984 5034 2192 5106 couti·

2250 5097 2257 5106 .
2310 5034 2663 5110 diceretur
2715 5061 2738 5110 ε
2790 5029 4167 5501 Ρίπιῡλ

3094 3285 3258 3381 Tt

2301 3484 2416 3539 net
2461 3513 2484 3537 .
2546 3464 2804 3538 Addidi
2866 3465 3064 3538 etiam
3132 3459 3631 3562 doxologiam,

2302 3565 2447 3636 sive
2503 3563 2872 3637 clausulam
2930 3568 3399 3659 hymnorum,
3462 3584 3635 3675 quae

2304 3663 2366 3733 in
2429 3661 2803 3735 Prudentio
2861 3664 3103 3734 deest.
3158 3663 3258 3735 Ex
3318 3662 3634 3734 versibus

2300 3759 2571 3832 omissis
2635 3782 2697 3835 1.
2731 3807 2753 3841 ‚
2812 3781 2884 3852 7.
2916 3806 2938 3840 ,
2976 3786 3045 3847 9.
3075 3809 3098 3845 ‚
3159 3783 3270 3831 ιι.
3309 3776 3461 3832 sunt
3503 3779 3631 3829 no-

2300 3881 2459 3929 vem
2486 3856 2904 3953 syllabarum
2938 3906 2960 3940 ,
3010 3882 3087 3931 ac
3116 3856 3406 3951 proinde
3434 3855 3634 3928 usita-

2306 3976 2412 4028 tae
2470 3953 2922 4027 modulationi
2959 3955 3222 4051 inepti,
3282 3975 3361 4028 ut
3427 3953 3654 4048 liquet·

2304 4078 2389 4127 ex
2420 4054 2920 4128 Dissertatione
2975 4054 3255 4147 praevia
3281 4057 3347 4142 9.
3378 4057 3638 4124 xxm.

2302 4176 2485 4225 num.
2541 4175 2759 4241 209..
2831 4149 2908 4223 In
2960 4152 3238 4248 reliquis
3313 4149 3631 4249 synaloe-

2302 4256 2466 4344 phas
2504 4249 2709 4344 effugi
2744 4299 2768 4332 ,
2827 4251 3196 4323 antsensui
3252 4247 3641 4322 consultum

2301 4350 2540 4420 volens
2570 4364 2860 4442 propter
2876 4349 3160 4423 omissas
3188 4348 3443 4441 aliquas
3481 4364 3664 4418 stret

2303 4449 2468 4539 phas
2531 4446 2855 4518 nonnulla
2907 4450 3118 4519 verba
3180 4442 3496 4516 inserui.
3558 4440 3640 4515 In

2303 4547 2597 4617 secunda
2651 4551 2932 4636 stropha
3004 4545 3328 4616 intactum
3392 4538 3650 4634 reliqui

2307 4646 2673 4729 secundum
2703 4664 2976 4714 versum
3015 4672 3036 4713 2
3081 4638 3666 4724 Praenuntiatrr'xf

2303 4738 2766 4835 gloriae,licet
2790 4789 2814 4821 2
2846 4741 3058 4809 verbo
3086 4745 3302 4809 ῬΙ-ππ
3314 4737 3647 4813 uurfaffix

2317 4837 2661 4911 neminem
2734 4837 3110 4909 Prudentis:-
3186 4837 3675 4933 antiqniorem'

2311 4960 2512 5028 usum
2584 4936 2790 5009 fuisse
2846 4937 3158 5009 noverim
3222 4985 3242 5005 .
3338 4933 3647 5029 ιιῑίπίιμ

2466 5583 2495 5620 J
