5084 6234
1749 872 2835 965 H'ISPANICA

3506 893 3672 982 247

1615 1024 1722 1107 Et
1753 1019 1986 1107 vestis
2018 1081 2045 1119 ,
2115 1044 2214 1107 ut
2262 1012 2408 1104 nix
2443 1078 2475 1116 ‚
2541 1016 2895 1102 candida

1381 1164 1510 1253 ¹4·
1604 1137 2012 1225 Thaboris
2056 1135 2219 1222 alto
2276 1134 2568 1222 vertice

1614 1255 1950 1373 Signum
2009 1280 2193 1342 tuae
2253 1252 2466 1338 dant
2521 1250 2817 1370 gloriae
2853 1309 2877 1332 .

1387 1400 1515 1487 15.
1554 1374 1714 1459 Seu
1781 1404 1970 1461 cum
2037 1372 2352 1458 Parenti
2407 1366 2811 1488 supplicas
2843 1429 2871 1471 ,

1614 1490 1754 1575 An
1812 1492 1971 1578 oris
2025 1513 2141 1577 est
2196 1489 2444 1576 index
2506 1488 2629 1575 tui

1618 1520 1888 1694 Sufor
1947 1634 2096 1697 tuo
2146 1607 2246 1692 de
2308 1634 2645 1721 corpore

1619 1723 1808 1812 Ceu
1870 1752 2096 1845 gutta
2159 1751 2508 1813 manans
2579 1720 3004 1840 sanguinis
3059 1780 3080 1805 .

910 1968 1064 2056 Die
1140 1990 1274 2048 21.
1297 1958 1655 2062 Ianuarii
1687 2023 1709 2046 .
1765 1903 2078 2075 infesto
2134 1962 2291 2048 SS.
2323 1960 2734 2050 Fructuosi
2765 1957 3184 2081 Episcopi,
3207 1966 3553 2087 Augurii
3585 2028 3615 2072 ,

1057 2107 1133 2170 et
1194 2078 1512 2204 Eulogii
1567 2082 2096 2174 Diaconorum
2149 2083 2603 2206 didurtyrum
2668 2076 2812 2200 (a)
2846 2141 2869 2166 .

912 2320 1044 2407 Aa
1070 2344 1458 2434 vesperas.
1500 2270 1789 2404 Deus
1839 2345 2276 2432 supernam
2336 2315 2679 2430 gratiam

1626 2434 1945 2521 Nostris
2012 2432 2397 2519 refundat
2459 2428 2845 2518 cordibus
2879 2492 2908 2533 ,

1629 2552 2096 2638 Laudemus
2141 2574 2235 2638 ut
2285 2546 2741 2639 solemniter

1624 2669 1920 2755 Trium
1983 2697 2328 2756 coronas
2384 2668 2855 2779 Martyrum
2892 2725 2918 2751 .

1511 2789 1711 2873 Dux
1773 2791 2273 2876 Fructuosus
2330 2786 2667 2904 impiger

1623 2907 1945 2993 Praesul
2003 2907 2317 2997 Levitae
2360 2904 2662 2993 excitat
2693 2965 2723 3006 ,

1629 3022 1938 3109 Ament
2004 3048 2103 3108 ut
2160 3052 2334 3105 una
2383 3019 2774 3130 consequi

1633 3139 1846 3226 Fuso
1911 3166 2196 3226 cruore
2263 3139 2624 3227 lauream
2660 3193 2686 3222 .

923 3340 1200 3433 aequius
1254 3338 1503 3412 iudicat
1532 3342 1616 3412 de
1653 3340 2011 3413 Chronico
2052 3340 2249 3412 Dex-

928 3439 1018 3513 tri
1079 3465 1098 3504 =
1203 3440 1602 3525 Huiusmodi
1680 3437 1995 3512 historiae
2074 3436 2248 3509 anti-

925 3559 1131 3639 quum
1166 3538 1504 3634 exemplar
1553 3551 1782 3608 nactus
1822 3558 1944 3630 ego
1997 3556 2144 3606 sam
2175 3535 2245 3604 in

930 3632 1386 3706 ambrosiana
1445 3634 1933 3705 Mediolanensi
1998 3630 2247 3701 Biblio-

930 3732 1121 3802 theca
1147 3779 1169 3811 ,
1226 3736 1338 3803 sed
1398 3735 1475 3801 de
1527 3732 1740 3828 operis
1797 3730 2246 3825 germanitate

938 3850 1067 3900 non
1082 3831 1307 3911 judico
1336 3879 1356 3899 .
1411 3831 1555 3923 Ego
1587 3849 1753 3898 vero
1783 3849 2001 3920 neque
2031 3828 2114 3896 de
2145 3847 2248 3899 co-

942 3926 1106 3994 dicis
1132 3929 1528 4025 antiquitate
1581 3924 1777 3998 facile
1821 3923 2194 4012 judicarem
2221 3970 2245 3993 .

945 4021 1076 4091 Sed
1108 4040 1182 4093 ut
1209 4031 1289 4097 ad
1326 4050 1466 4099 rem
1499 4027 1762 4097 redeam
1795 4074 1819 4104 ‚
1873 4021 1974 4095 uti
2005 4022 2072 4094 in
2099 4019 2246 4093 aliis

941 4115 1249 4211 partibus
1273 4122 1480 4195 officii
1507 4120 1937 4196 ecclesiastici
1969 4170 1991 4202 ‚
2051 4119 2144 4191 ita
2175 4120 2244 4192 in

950 4215 1226 4308 hymnis
1251 4221 1719 4291 concinnandis
1749 4219 1812 4291 in
1841 4219 2081 4313 primis
2109 4214 2246 4289 ela·

939 4314 1314 4387 horandum
1348 4333 1448 4387 est
1476 4363 1499 4397 ,
1567 4318 1813 4410 nequid
1856 4337 2189 4390 asseratur
2221 4362 2247 4395 ο

942 4411 1128 4506 quod
1164 4411 1450 4483 fabulam
1483 4415 1694 4503 sapiat
1719 4461 1742 4495 ,
1793 4434 1910 4490 aut
1942 4441 1980 4489 a
2005 4410 2250 4490 verita-

938 4526 1006 4585 te
1042 4506 1359 4582 historica
1393 4511 1752 4584 abhorreat
1774 4561 1800 4585 .

1038 4615 1144 4700 (a)
1195 4608 1594 4679 Cavendum
1649 4610 1934 4681 maxime
1970 4626 2121 4690 est,
2163 4630 2247 4679 ne

945 4706 1200 4798 antiqui
1259 4707 1357 4779 ilii
1412 4708 1748 4803 Martyres
1800 4755 1822 4787 ,
1885 4730 1961 4777 ac
2019 4705 2242 4779 Sancti

949 4803 1446 4888 confessores,
1507 4805 1623 4895 qui
1659 4828 1901 4896 magno
1937 4802 2000 4874 in
2031 4810 2251 4875 hono-

951 4921 1024 4969 re
1066 4901 1230 4972 olim
1263 4921 1418 4973 sunt
1445 4902 1650 4973 habiti
1683 4951 1705 4983 ,
1757 4919 2055 4972 veterem
2109 4900 2254 4972 eul-

951 5012 1096 5076 tum
1157 5000 1464 5076 amittant
1528 5049 1555 5087 2
1616 5018 1684 5074 et
1745 5001 2251 5100 quodammodo

2369 3338 2520 3412 aliis
2596 3334 3094 3412 recentioribus
3128 3342 3391 3420 ,cedant
3438 3389 3459 3413 .
3512 3346 3692 3416 Acta

2367 3436 2576 3510 trium
2607 3440 2848 3511 horum
2882 3436 3266 3531 Martyrum
3299 3464 3429 3511 non
3460 3440 3683 3512 solum

2368 3532 2432 3606 in
2466 3533 2784 3605 Ecclesiis
2836 3533 3208 3625 Hispaniae
3237 3584 3261 3619 ,
3319 3538 3437 3608 sed
3470 3535 3535 3606 in
3568 3557 3689 3609 ex·

2365 3630 2528 3704 teris
2561 3653 2835 3726 quoque
2890 3631 3332 3724 legebanture
3373 3651 3442 3704 et
3475 3631 3539 3703 in
3572 3653 3680 3703 eo·

2366 3753 2517 3802 rum
2551 3728 2816 3799 laudem
2846 3744 3030 3800 extat
3059 3728 3297 3802 Sermo
3330 3730 3398 3801 S.
3429 3731 3676 3821 Augu-

2363 3826 2516 3900 stini
2542 3872 2567 3902 ‚
2630 3825 2748 3916 qui
2807 3842 2907 3896 est
2974 3846 3136 3895 101.
3194 3829 3273 3898 de
3332 3825 3680 3899 Diversis.

2362 3920 2773 3995 Prudentius
2800 3923 3072 3994 eosdem
3120 3923 3423 3997 laudavit
3449 3923 3718 4006 facua-2

2363 4025 2452 4100 do
2511 4024 2771 4116 hymno
2807 4020 3054 4114 quinto
3081 4022 3602 4121 Peristepharton
3654 4044 3722 4095 a·

2363 4118 2547 4191 Felix
2574 4124 2858 4191 Tarraco
2876 4126 3226 4192 fructuose
3251 4120 3531 4202 vestris,
3551 4139 3684 4190 me·

2366 4217 2455 4289 tri
2493 4239 2740 4309 genere
2771 4264 2796 4300 ‚
2826 4217 3024 4313 quale
3060 4217 3124 4290 in
3163 4217 3504 4295 breviario
3539 4215 3720 4287 Ro·'

2371 4340 2570 4388 mano
2628 4339 2759 4388 non
2823 4338 3244 4411 usurpatum
3279 4320 3421 4401 eius
3460 4331 3686 4387 tamen

2369 4436 2558 4487 sensa
2608 4433 2684 4489 ut
2737 4413 3111 4508 plurimum
3162 4412 3509 4509 expressi.
3560 4409 3692 4481 Ite-

2367 4535 2515 4583 rum
2571 4514 2700 4584 hoc
2768 4511 2924 4584 loco
2982 4512 3386 4588 Prudentius
3440 4506 3718 4596 relabb,

2340 4627 2478 4704 „tur
2502 4612 2566 4681 in
2633 4635 2778 4681 eam
2818 4609 3210 4699 opinionem
3241 4656 3265 4692 ,
3327 4630 3525 4702 quam
3559 4631 3716 4683 no·-

2365 4725 2502 4780 stra
2567 4725 2969 4799 tempestate
3020 4705 3191 4776 male
3249 4727 3487 4778 sonare
3540 4703 3726 4783 dixi.

2372 4812 2434 4922 ξ.
2470 4811 2722 4877 xxm.
2758 4803 3253 4880 Dissertationis
3301 4803 3482 4879 nien·
3523 4826 3723 4901 ¹3⁰·-

2372 4918 2832 5103 afficimus
2868 5002 2999 5076 erit
3032 4963 3261 5075 ruente
3290 5002 3528 5075 mundo
3558 5043 3584 5084 ‚
3671 4987 3682 4994 ’
3721 4965 3734 4974 “

3458 5153 4315 5529 fl
