5084 6234
962 838 1614 935 accusstn'st'lcrs
1891 846 1973 933 aba

586 1013 664 1080 mr
694 983 809 1108 apud
830 984 1033 1102 'antiquos
1064 989 1200 1091 odae,
1230 1015 1337 1101 quae
1369 988 1578 1076 canendae
1606 981 1973 1108 proponebantur,

587 1109 652 1198 bis
667 1105 924 1223 legibus'non
941 1134 1071 1196 essent
1087 1107 1296 1193 adstrictae
1313 1103 1337 1189 ‘l

588 1257 618 1350 ¹⁴-
651 1229 748 1316 20⁶.
784 1229 841 1313 Ut
854 1227 964 1312 enim
981 1241 1057 1346 ego
1075 1226 1248 1343 opinor,
1281 1226 1322 1307 iu
1343 1224 1429 1341 ipso
1447 1224 1514 1310 -rei
1532 1227 1704 1313 exordio
1736 1256 1867 1342 neque
1883 1257 1971 1342 mu·

585 1346 694 1442 'sicus
711 1373 936 1433 concentus
950 1347 1123 1436 vocibus
1135 1344 1436 1461 exprimebatur
1452 1369 1466 1448 ,·
1491 1344 1570 1431 nisi
1588 1370 1713 1433 metro
1728 1409 1742 1447 ,
1756 1346 1819 1437 vel
1835 1348 1978 1461 rhyth'·

518 1531 522 1536 -
588 1493 657 1554 nto
691 1463 883 1580 alligatis,
916 1495 1047 1580 neque
1082 1462 1415 1565 versusfiebant,
1450 1463 1526 1549 nisi
1555 1463 1761 1565 modulis,
1780 1461 1977 1552 numeris·

585 1613 668 1702 que
687 1581 861 1668 musicis
878 1584 1183 1671 accommodati.
1197 1585 1259 1670 Ex
1276 1582 1415 1670 avium
1432 1584 1698 1672 concentibus
1713 1584 1886 1669 musicas
1897 1614 1977 1675 vo·

584 1731 682 1821 cum
711 1699 1006 1790 modulationes
1042 1701 1226 1789 homines
1260 1700 1443 1787 didicisse
1474 1704 1695 1788 multorum
1728 1703 1975 1819 estopinio.

582 1820 677 1909 Sive
694 1819 735 1904 id
752 1820 804 1904 ita
821 1820 1037 1923 acciderit,
1068 1825 1150 1909 sive
1167 1822 1398 1906 humanum
1429 1851 1559 1937 genus
1589 1844 1738 1907 natura
1756 1821 1838 1938 ipsa
1869 1821 1975 1909 duce

584 1936 691 2026 inter
709 1939 896 2027 amabiles
912 1940 1162 2029 diversarum
1176 1968 1329 2028 vocum
1345 1968 1468 2025 sonos
1486 2004 1501 2043 ,
1532 1939 1649 2053 quod
1667 1940 1792 2058 magis
1809 1939 1977 2056 placue-

586 2055 668 2164 rit,
699 2056 884 2174 elegerit,
912 2084 953 2145 et
968 2059 1249 2161 ordinaverit,
1274 2082 1365 2174 post
1377 2057 1815 2147 inventamMueicam
1838 2057 1975 2146 statim

583 2181 707 2265 verba
743 2176 1014 2262 modulationi
1045 2199 1137 2294 apta
1169 2177 1400 2292 quaesivit,
1435 2180 1725 2289 materiamque
1756 2177 1975 2280 Musicae,

585 2321 746 2381 carmen
761 2292 936 2395 scilicet,
969 2295 1153 2395 invenit,
1184 2296 1472 2416 imperfectum
1487 2298 1695 2411 primum,
1729 2295 1876 2380 deinde
1904 2305 1975 2379 're-

582 2410 700 2530 gulis,
715 2437 754 2497 ct
770 2437 852 2498 arte
870 2412 1090 2529 perfectum
1105 2414 1200 2530 (n).
1217 2414 1266 2498 ln
1282 2414 1506 2532 praesentia
1527 2443 1586 2499 res
1603 2411 1682 2498 alio
1700 2440 1863 2530 prorsus
1883 2435 1975 2496 mo·

583 2529 639 2634 do
658 2528 803 2618 accidit
824 2561 838 2631 3
874 2557 1023 2620 namet
1039 2532 1164 2621 multa
1181 2562 1299 2651 prosa
1315 2530 1498 2621 oratione
1515 2558 1755 2632 canuntur,
1773 2555 1812 2616 et
1824 2530 1974 2615 carmi-

584 2676 638 2734 na
656 2676 788 2764 pauca
823 2649 930 2736 fiunt
962 2678 1055 2754 ,ut
1089 2679 1292 2740 canantur
1318 2650 1642 2756 ‚Nihilominus
1675 2680 1761 2766 quo
1797 2674 1974 2764 ternpore

581 2765 723 2877 lyrico·
743 2768 921 2857 carmine
957 2771 1151 2857 Horatius
1179 2773 1357 2873 ,Romam
1397 2772 1690 2873 demulcebat,
1719 2767 1977 2886 exploratum

587 2981 748 3057 Casalius
765 2987 805 3055 de
816 3002 922 3062 veter.
935 2988 1248 3060 sacnclatistianor.
1309 2990 1411 3061 ciesia
1424 2995 1468 3062 ad
1480 3007 1634 3090 praesens
1648 3001 1801 3083 tenpus.

582 3080 810 3179 csil.eap.44.
826 3088 1047 3159 .Atbanassus
1062 3088 1248 3160 Kisthetus
1329 3111 1331 3116 ·
1358 3095 1410 3170 (a)
1428 3088 1558 3177 Accipe
1574 3084 1756 3158 Ciceronis
1772 3081 1976 3157 seutentiam

583 3176 618 3251 in
633 3182 814 3283 Mnsnrgia
834 3186 967 3278 regulas
985 3189 1083 3255 etiam
1112 3188 1152 3255 ad
1183 3189 1248 3280 hy·
1313 3191 1445 3256 Orator.
1457 3183 1517 3268 fai.
1539 3193 1752 3269 215.Venet.
1775 3200 1881 3277 1514.
1905 3196 1977 3279 typ-

583 3300 681 3349 mnos
711 3279 856 3350 musicos
875 3282 1000 3366 tradit;
1031 3285 1088 3353 sed
1116 3285 1156 3354 ad
1175 3306 1245 3354 rcm
1283 3323 1285 3327 ·
1309 3283 1425 3355 Alii.
1443 3286 1570 3379 Neque
1583 3282 1670 3354 enim
1687 3282 1757 3378 ipse
1770 3300 1887 3350 versas
1915 3295 1976 3351 aa·

582 3389 731 3448 nostram
764 3376 817 3448 illa
851 3377 995 3454 maxime
1025 3381 1104 3454 iacit
1131 3378 1192 3450 lib.
1211 3383 1246 3452 8.
1307 3385 1397 3454 tione
1413 3383 1656 3474 ercangarius,
1687 3380 1745 3449 sed
1760 3374 1978 3457 natura,at·'

583 3489 657 3573 cap.
676 3480 707 3550 ⁶.
723 3506 732 3546 e
750 3478 836 3563 Non
851 3483 962 3552 omnia
989 3482 1137 3551 carmina
1164 3495 1243 3576 apta
1304 3504 1369 3577 que
1381 3504 1477 3553 sensa
1498 3530 1509 3565 ,
1538 3500 1635 3576 qaam
1651 3481 1798 3549 dimensa
1813 3476 1899 3544 tatio
1916 3478 1976 3544 aia·

550 3612 551 3616 =
582 3588 659 3670 stant
693 3574 895 3648 harmonicis
925 3576 1093 3655 modalis,
1119 3580 1177 3647 sed
1202 3599 1242 3647 ea
1304 3581 1398 3660 enit,
1427 3578 1512 3674 qnid
1540 3578 1699 3647 acciderit
1724 3620 1735 3654 ,
1762 3572 1809 3641 ita
1844 3573 1972 3645 notatio

582 3688 712 3745 tantum
727 3722 738 3757 ‚
757 3695 845 3769 qnae
858 3693 978 3747 certam
993 3725 1003 3756 ‚
1033 3692 1065 3744 et
1080 3672 1239 3743 immuta·
1302 3692 1442 3747 naturae
1457 3689 1490 3743 et
1503 3674 1748 3744 animadversio
1767 3671 1897 3766 peperit
1914 3695 1973 3741 at·

583 3768 681 3843 bilem
708 3774 831 3868 pedum
862 3776 1034 3844 stationem
1067 3769 1238 3840 obtinent.
1300 3790 1394 3844 tem.
1422 3774 1484 3843 Sed
1500 3773 1533 3841 in
1549 3769 1770 3841 versibnssts
1785 3769 1968 3864 nuptias,

581 3867 693 3968 immo
707 3886 779 3968 cap.
801 3892 832 3953 ς.
848 3871 1018 3948 advertit,
1046 3870 1079 3940 in
1103 3870 1237 3964 hymnis
1300 3891 1504 3968 quemqnam
1532 3869 1634 3937 etiam
1662 3864 1802 3937 amodis
1829 3864 1975 3962 qnibnsq

579 3991 645 4042 uon
661 3969 809 4042 metricis
826 3969 988 4040 rationem
1004 3989 1159 4040 accentus
1178 3992 1240 4044 vo·
1301 3975 1375 4041 dam
1395 3982 1492 4040 canta
1506 3983 1631 4036 temam
1648 3966 1758 4037 solnta
1771 3987 1837 4035 esse
1851 3967 1970 4037 uidea-

577 4067 858 4162 sumjltabendam
874 4092 956 4143 esse,
971 4067 1125 4161 quamvis
1141 4091 1240 4159 quan·
1300 4086 1356 4142 tnr
1367 4068 1474 4137 oratio
1489 4116 1500 4146 ,
1515 4067 1725 4161 maximeque
1740 4064 1776 4139 id
1790 4063 1824 4133 in
1839 4067 1966 4162 optimo

578 4163 687 4236 sitatis
700 4167 905 4256 syllabarum
931 4188 1119 4237 ceterarum
1147 4164 1238 4235 nulla
1298 4189 1430 4267 quoqne
1442 4186 1557 4237 eornm
1570 4178 1771 4260 poctarum,
1799 4167 1860 4261 qni
1877 4201 1929 4230 aa.
1946 4198 1965 4220 ·

576 4260 669 4334 'tatio
687 4264 993 4337 habeantnfiditam
1010 4265 1097 4336 circa
1114 4286 1235 4332 annum
1302 4301 1311 4333 :-
1375 4264 1560 4338 aGraecis
1592 4265 1842 4343 nominantur,
1883 4284 1965 4359 qnos

579 4363 686 4450 1726.
706 4358 801 4441 scio,
816 4366 872 4434 sed
893 4388 956 4433 non
970 4364 1039 4433 vidi
1065 4360 1237 4432 Disserta-
1298 4378 1488 4439 cumeanus
1518 4361 1745 4458 spoliaveris,
1778 4362 1865 4430 nuda
1877 4376 1964 4454 pene

577 4458 705 4531 tionem
724 4457 762 4528 de
777 4458 969 4532 collectione
984 4482 1147 4532 nouorum
1174 4461 1235 4550 bt·
1297 4476 1445 4537 remanat
1480 4464 1614 4531 oratio.
1649 4468 1804 4549 Quorum
1835 4456 1962 4525 similia

574 4577 729 4629 mnarum
757 4579 831 4627 cum
862 4560 1008 4628 cantibus
1042 4559 1167 4630 idoneis
1192 4560 1235 4630 ad
1297 4580 1372 4633 sunt
1385 4562 1547 4657 quaedam
1564 4562 1652 4650 apud
1668 4562 1840 4644 Nostros,
1863 4552 1961 4625 veliti

571 4673 731 4727 versuum
745 4678 954 4739 mensnram,
980 4677 1121 4729 auctore
1134 4659 1234 4740 loco·
1294 4660 1352 4733 ille
1366 4662 1399 4728 in
1415 4660 1557 4726 Tbiestes
1567 4665 1756 4743 Quemnam
1772 4664 1804 4719 te
1819 4672 1886 4722 esse
1903 4654 1960 4724 di·

573 4755 1236 4828 neLebeui.MartinusGerbestusmo-
1295 4764 1395 4830 eam?
1426 4755 1486 4848 qni
1516 4755 1612 4821 tarda
1630 4754 1664 4819 in
1692 4764 1882 4830 senectute,
1915 4760 1961 4821 Et
2004 4825 2007 4833 ,

574 4871 700 4922 nacnus
715 4876 781 4923 non
796 4853 910 4924 multis
925 4860 965 4925 ab
983 4854 1058 4923 binc
1075 4851 1166 4923 annis
1184 4869 1236 4942 ty·
1321 4877 1381 4924 nae
1395 4867 1602 4945 sequanina,
1631 4871 1716 4945 qnae
1733 4848 1802 4917 nisi
1817 4870 1891 4916 cnm
1912 4851 1961 4917 ti·

574 4945 627 5040 pis
643 4950 808 5023 commisit
823 4956 892 5022 duo
906 4949 1079 5022 volumina
1096 4950 1127 5017 in
1145 4971 1179 5038 4.
1197 4949 1234 5017 de
1294 4878 1387 5023 iiceu
1402 4949 1562 5034 accessit,
1576 4945 1952 5023 trationisnntsolntae

563 5062 675 5123 'nantis
691 5093 704 5133 ,
725 5067 755 5124 et
771 5054 900 5128 musica
911 5073 1007 5125 satta
1021 5046 1165 5150 aprima
1179 5067 1232 5121 ec·
1292 5048 1467 5128 simillima
1483 5073 1495 5121 e
