5084 6234
598 822 697 944 μᾷ
1030 823 1575 921 Htuunnlffl

905 963 1070 1052 Deserta
1105 966 1206 1054 dum
1230 968 1330 1085 petit
1358 969 1446 1060 loca
1470 1033 1513 1074 ,a
1639 989 1697 1064 .’

963 1083 1214 1200 Cornuaque
1235 1087 1603 1205 castigat·'suum.,'
1667 1093 1671 1100 ’

961 1202 1176 1306 Perfundit
1203 1199 1317 1291 illurn
1346 1207 1499 1323 largius
1698 1194 1707 1206 ⁴

960 1317 1154 1406 Caelestia
1185 1319 1322 1409 imber
1342 1326 1588 1456 gratiae..
1721 1377 1724 1382 ·

895 1436 1076 1525 Sublime
1102 1467 1199 1528 mox
1222 1443 1384 1528 scanne
1406 1440 1560 1560 jugum.

828 1584 865 1640 1.
960 1558 1398 1673 Praecepta'Francisci
1422 1586 1630 1675 aequem

953 1675 1006 1761 Et
1037 1700 1177 1788 anneta
1209 1703 1282 1790 per
1311 1673 1503 1792 vestigia·
1588 1691 1620 1766 ss:

822 1820 860 1882 2.
958 1790 1126 1879 Christo
1142 1787 1248 1907 ligat
1277 1827 1318 1884 ae
1362 1794 1617 1886 strictius„
1723 1875 1727 1882 .

895 1911 1110 1996 Immunda
1137 1908 1345 2027 quidquid
1378 1913 1560 2026 appetit,

945 2027 1133 2116 Miratur
1158 2053 1199 2113 et
1228 2026 1437 2143 quidquid
1470 2058 1567 2117 caro
1595 2057 1614 2138 ,’

947 2141 1094 2230 Calcat
1121 2205 1136 2247 ,
1162 2146 1383 2263 relinquit,
1417 2148 1581 2267 negligit
1611 2210 1626 2254 ,

948 2260 1153 2349 Lucretut
1183 2290 1233 2351 ut
1268 2266 1484 2354 Christum
1504 2268 1617 2357 sibi.

887 2386 1009 2483 lesu,
1042 2380 1115 2468 tibi
1146 2384 1198 2471 sit
1228 2383 1385 2503 gloria,

636 2529 640 2540 ¹
742 2497 769 2507 ’“
833 2501 853 2541 ³
944 2498 1033 2613 Qui
1063 2528 1212 2618 magna
1245 2503 1355 2593 solua
1383 2507 1544 2610 efficis,¹

601 2644 604 2649 ·
799 2650 892 2738 3..
936 2615 1062 2712 ,eum
1093 2620 1240 2723 Patre,
1269 2653 1448 2738 cumque
1476 2624 1632 2743 Spiritu

940 2740 1012 2824 Per
1041 2738 1275 2828 seculorum
1308 2750 1440 2831 secula
1472 2805 1486 2832 .

609 2981 643 3054 3.
657 2968 736 3033 Cum
752 2954 878 3036 ruere,
905 2953 1039 3027 etalmo
1055 2957 1203 3060 Spiritu.
1294 2962 1385 3057 ,jetti
1411 2979 1519 3033 sunt.
1548 2953 1642 3030 Alibi
1669 2953 1811 3034 tertium
1831 2977 1973 3065 versura

608 3086 644 3155 4.
658 3066 792 3153 Inopem
808 3075 963 3125 ratramus
977 3056 1141 3128 Didacum
1159 3103 1169 3125 .
1303 3058 1512 3153 doxologiae
1526 3054 1684 3129 similiter
1705 3054 1866 3136 correxi,
1893 3058 1981 3127 sub·v

610 3175 641 3242 5.
661 3156 753 3226 caeli
767 3152 1125 3248 bonispraediuitem'„
1156 3221 1160 3230 .
1304 3158 1493 3252 rogavique
1519 3204 1530 3237 ,
1556 3162 1638 3236 curn
1664 3161 1796 3237 Patre,
1830 3175 1971 3251 cumque

607 3260 642 3325 6.
658 3252 828 3324 Humilem
844 3272 999 3321 canamus
1014 3252 1196 3325 uiuat-um.
1212 3291 1217 3297 -
1303 3257 1451 3352 Spiritu.
1467 3253 1730 3333 Dubitaveram‚
1746 3277 1786 3323 an
1803 3274 1842 3323 ea
1855 3277 1971 3324 euren-

604 3374 640 3445 7.
655 3352 719 3423 Ad
733 3348 819 3420 celsa
832 3362 966 3418 uectum
987 3349 1121 3421 sidera.
1301 3355 1402 3425 datio·
1423 3353 1580 3423 omnibus
1596 3369 1683 3421 esset
1699 3349 1867 3441 placitura
1883 3375 1895 3433 ;
1911 3352 1971 3421 red

605 3451 640 3520 8.
655 3454 755 3537 Quae
771 3445 914 3528 suscitat
923 3445 1113 3541 «sepulum
1132 3496 1144 3518 .
1302 3468 1418 3521 nactus
1436 3464 1554 3541 postea
1572 3452 1718 3541 hymnos
1748 3448 1971 3540 famigeratos

600 3569 639 3635 9.
653 3555 829 3641 Egeuum,
861 3546 994 3614 et‘irtter
1014 3544 1213 3640 Principes.
1302 3548 1442 3619 Santolii
1473 3544 1673 3625 Victorini,
1708 3567 1846 3615 versum
1887 3568 1973 3614 eun·

580 3638 933 3721 tutantes—abuma·
949 3639 1062 3715 locut.
1145 3667 1148 3671 ·
1248 3685 1251 3694 -
1304 3648 1382 3718 dern
1412 3647 1532 3718 eodem
1564 3667 1702 3737 prorsus
1735 3645 1975 3720 modoeorre,

582 3764 640 3817 11.
657 3752 838 3840 sensusque
854 3735 989 3825 confixit
1000 3757 1079 3814 tuae
1304 3744 1392 3817 xiste
1409 3742 1561 3837 comperi
1576 3773 1597 3825 ,·
1618 3766 1688 3835 quo
1707 3739 1812 3834 magia
1824 3740 1974 3812 confisus

580 3849 775 3934 ntTecum
789 3843 858 3937 ipse
872 3834 1145 3924 confixurcrttri.
1251 3868 1253 3871 ·
1304 3867 1377 3914 sum
1393 3843 1467 3915 fore
1483 3891 1495 3925 ‚
1509 3861 1546 3913 ut
1561 3864 1679 3913 uersus
1696 3838 1848 3911 hocloco
1866 3862 1884 3908 a
1900 3860 1972 3919 me,

579 3960 638 4031 η.
656 3943 800 4011 Tandem
816 3940 859 4008 ad
877 3937 973 4008 beatu
984 3940 1138 4035 praemia
1155 3985 1166 4008 .
1305 3960 1338 4011 et
1354 3940 1433 4013 alias
1447 3939 1799 4011 adhibituscensurtm
1811 3934 1970 4030 effugiat«

579 4059 637 4132 ''4-
655 4040 792 4108 Veniam
802 4037 1159 4135 precamursupplirts
1181 4083 1192 4105 .
1224 4060 1227 4064 ’
1302 4040 1384 4112 Non
1400 4060 1485 4108 vero
1499 4036 1679 4127 intelligo,
1707 4034 1867 4128 quidnam
1890 4058 1972 4108 cau·

575 4134 704 4231 Versus
720 4160 780 4227 4.‚
814 4141 849 4205 6.
868 4183 879 4216 ,
907 4152 941 4205 et
960 4158 1039 4231 14,
1067 4133 1147 4206 licet
1169 4132 1240 4203 lon·
1303 4161 1358 4210 eae
1373 4134 1528 4208 habuerit
1544 4135 1738 4215 Santolius,
1764 4157 1855 4216 cur,
1888 4156 1967 4206 curn

575 4230 689 4332 gio'rel
713 4232 780 4322 tint
796 4232 944 4315 ceteris,
971 4254 1097 4306 rectum
1117 4240 1243 4303 'tamen
1306 4259 1406 4327 saepe
1421 4237 1509 4306 hunc
1527 4258 1663 4306 versum
1683 4234 1970 4313 reformatunuet

572 4335 709 4407 tervan-t
737 4352 927 4420 mensuram
957 4377 970 4413 ‚
1008 4355 1086 4401 eum
1116 4330 1149 4401 in
1179 4334 1244 4399 hoc
1309 4334 1379 4404 sine
1394 4332 1535 4405 elisione
1553 4331 1966 4425 usurpaverit‚nonnun.

573 4433 732 4523 carminis
747 4426 1063 4529 genereaiiquando
1081 4450 1146 4518 pro
1162 4426 1245 4498 ianr·
1308 4454 1407 4525 quarn
1429 4448 1539 4501 tarnen
1565 4432 1741 4525 antiquum
1762 4427 1962 4522 leliquerit,

571 4532 688 4634 huvel
701 4531 874 4629 spondaeo
891 4551 951 4621 pes
965 4544 1159 4619 anapaestus
1175 4525 1245 4617 pri-
1307 4527 1416 4601 immo
1430 4529 1529 4601 etiam
1545 4532 1603 4601 ubi
1620 4552 1684 4601 non
1701 4548 1798 4609 erat,
1825 4527 1970 4597 inverte*⁴

574 4630 726 4714 nroloco
749 4646 926 4725 ponatur.
956 4627 1086 4697 Verum
1112 4645 1151 4696 'ea
1167 4622 1244 4716 syl·.
1304 4631 1346 4697 rit
1360 4676 1372 4710 ‚
1386 4627 1536 4700 scribens
1554 4631 1586 4699 in
1600 4633 1741 4719 stropha
1759 4624 1880 4696 ultima
1894 4645 1912 4690 a
1924 4642 1963 4690 se

566 4720 649 4796 laba
668 4747 765 4801 aucta
785 4725 1017 4802 difficultatem
1043 4721 1242 4797 canentibus
1302 4726 1516 4817 composita,
1547 4737 1627 4799 cum
1663 4734 1790 4798 Patre.
1816 4734 1849 4789 tt
1871 4716 1963 4827 alm-o

574 4820 726 4917 ingerit,
756 4846 795 4916 nt
808 4824 1012 4917 explicatum
1028 4842 1081 4895 est
1100 4823 1130 4893 in
1141 4837 1239 4919 ραι·
1302 4826 1427 4920 Spiritu
1440 4851 1451 4909 ς
1464 4824 1626 4897 ut'videri
1644 4839 1754 4914 potest
1774 4818 1805 4888 in
1826 4818 1966 4907 hymnis

570 4922 1238 5011 via»recreatione§.xux.num.209..
1299 4924 1461 4995 breviarii
1490 4921 1725 4994 cluniacensis
1754 4918 1798 4986 ad
1828 4916 1913 4987 ditm
1936 4932 1970 5001 3.-

569 5018 715 5121 Reliqui
731 5042 852 5101 vetsus.
858 5036 1005 5113 propter
1016 5019 1240 5104 elisioneste·
1299 5023 1390 5107 Maii
1399 5068 1412 5092 .
1426 5021 1539 5109 liniue
1554 5040 1639 5094 veto
1658 5016 1687 5088 si
1701 5037 1801 5088 causa
1817 5031 1870 5089 est
1885 5010 1968 5094 ulle,
