5084 6234
701 809 759 907 86

1055 763 1712 904 'Duurmuts'

701 984 765 1044 tus
786 1022 798 1059 ,
831 956 1116 1042 Beneficiatum
1133 958 1174 1041 S.
1192 957 1299 1041 Petri
1319 955 1511 1039 Vaticani
1525 958 1595 1071 (a)
1609 958 1662 1042 ad
1689 958 1991 1075 explicationem
2010 995 2079 1050 ca-

701 1076 820 1160 nonis
856 1106 1000 1191 parum
1018 1076 1125 1190 piam
1160 1075 1432 1161 descendisse:
1458 1074 1756 1190 benignamque
1788 1083 2079 1199 interpretatio-

701 1223 792 1277 nem
810 1193 889 1308 ipse
908 1193 1095 1279 adhibere
1128 1192 1364 1291 contendit,
1382 1219 1532 1285 conatu
1553 1224 1655 1281 certe
1681 1197 1803 1311 magis
1820 1202 1916 1312 pio,
1949 1228 2076 1313 quam

700 1310 837 1396 critico
858 1372 867 1391 .
907 1309 1024 1422 Quid
1042 1310 1148 1393 euim
1168 1311 1310 1409 refert,
1332 1311 1446 1428 qnod
1463 1310 1585 1395 addat
1601 1338 1735 1397 canon
1753 1350 1781 1391 =
1797 1318 1894 1403 sicut
1909 1349 1943 1402 er
1959 1317 2079 1403 sancti

691 1429 934 1544 praecipiunt
951 1427 1157 1515 Canones‘i
1184 1431 1292 1511 Nam
1307 1428 1338 1512 si
1357 1432 1487 1523 Patres
1506 1428 1556 1513 illi
1573 1432 1819 1535 credebant,
1850 1436 1994 1532 sanctis
2010 1466 2078 1519 ca-

699 1548 879 1633 nonibus
897 1571 1153 1664 praeceptum
1168 1573 1248 1630 esse
1266 1608 1280 1647 ,
1309 1573 1357 1631 ut
1373 1546 1468 1631 nili!
1477 1547 1664 1663 poeticum
1688 1548 1729 1630 in
1751 1549 1927 1646 Ecclesia·
1939 1553 2078 1669 psalle-

696 1690 837 1764 retur,
873 1688 972 1749 rectc
996 1663 1132 1749 omnia
1149 1666 1318 1751 canonis
1338 1672 1461 1754 verba
1478 1669 1705 1783 procedunt
1724 1668 1766 1749 in
1784 1698 1905 1754 sensu
1924 1669 2046 1758 obvio
2064 1732 2078 1771 ,

698 1806 745 1867 ut
764 1782 865 1865 nihil
899 1782 1071 1869 omnino
1106 1782 1148 1865 in
1165 1782 1320 1867 ecclesia
1332 1785 1477 1898 poetice
1494 1787 1737 1900 compositum
1758 1812 1969 1882 caneretur
1987 1850 1996 1869 .
2013 1786 2081 1903 (t)

766 1930 862 2014 107·
898 1901 1028 2013 Quod
1044 1926 1177 1984 autem
1197 1900 1331 1984 florez
1352 1904 1407 1985 ait
1423 1965 1436 2000 ,
1453 1932 1649 1988 canonem
1675 1905 1835 1990 concilii
1854 1908 2079 1988 Bracaren-

693 2020 746 2102 sis
762 2046 901 2103 contra
919 2017 1227 2102 Priscillianistas
1246 2082 1258 2118 ,
1275 2020 1347 2131 qui
1378 2018 1474 2104 altas
1492 2023 1643 2106 radices
1660 2048 1822 2139 egerant
1854 2023 1895 2103 in
1916 2022 2076 2105 Gallae-

696 2135 781 2233 cia,
811 2136 964 2248 quique
980 2136 1060 2249 jam
1078 2135 1170 2219 olim
1204 2138 1405 2249 hymnum
1421 2138 1599 2223 Domino
1630 2166 1765 2225 nostro
1790 2145 1882 2238 ⁸lesu
1911 2138 2076 2224 Christo

696 2252 945 2369 adscriptum
959 2253 1172 2340 commenti
1190 2253 1420 2368 fuerant,a
1442 2257 1624 2343 Patribus
1638 2256 1756 2343 fuisse
1776 2260 2000 2358 directum,
2030 2287 2074 2342 ac

742 2449 791 2529 (a)
810 2440 937 2511 Nescio
954 2440 1035 2532 quid
1059 2464 1215 2533 magnum
1234 2438 1351 2514 Flore·

692 2533 763 2605 zius
779 2554 894 2607 noster
915 2542 955 2607 de
967 2538 1180 2618 beneficiatis
1206 2539 1239 2614 S.
1254 2536 1347 2606 Petri

692 2633 756 2702 sibi
784 2636 951 2715 finxerat,
980 2634 1039 2704 nisi
1060 2635 1147 2704 forte
1177 2634 1349 2718 existima-

693 2732 751 2799 bat
767 2780 778 2813 ,
797 2731 943 2823 aliquam
966 2729 1212 2811 infallibilitatis
1232 2731 1348 2812 Ponti·

693 2825 790 2900 liciae
807 2829 1004 2919 particulam
1020 2828 1233 2908 beneficiatis
1249 2829 1348 2900 ste·

697 2926 740 2996 tri
758 2928 999 2999 communicari
1017 2975 1028 3007 ,
1057 2951 1097 2997 ne
1127 2926 1278 3008 Consilii
1292 2952 1349 2998 co,

694 3026 840 3116 iuspiam
861 3026 1084 3110 provincialis
1101 3025 1349 3097 canonesalie·

692 3143 738 3190 no
764 3146 861 3190 sensu
886 3122 1078 3213 accipiant.
1109 3125 1215 3194 Certe
1246 3123 1349 3194 inter·

694 3219 844 3311 precatio
859 3221 982 3298 Cennii
1009 3221 1193 3310 piissimis,
1221 3221 1349 3290 doctis·

694 3318 856 3409 simisque
875 3315 1066 3388 nominibus
1082 3317 1253 3410 perplacet
1273 3318 1347 3387 Ma,

693 3416 842 3491 btllonio
858 3463 868 3499 ,
886 3416 1083 3497 Martenio,
1110 3416 1218 3496 Pinio,
1233 3416 1343 3485 Gran-

693 3515 788 3587 colae
816 3561 827 3594 ,
861 3514 1005 3586 Mesatio
1034 3564 1044 3595 ,
1077 3513 1249 3606 aliisque.
1282 3512 1347 3583 Ex,

693 3611 915 3703 plicationcm
935 3611 1079 3685 Florezii
1096 3610 1242 3684 fortassis
1271 3633 1347 3702 pro·

695 3706 830 3779 baveris
862 3708 1094 3803 Binghamus,
1127 3710 1182 3803 qui
1214 3708 1346 3801 lib.r4.

700 3807 793 3899 orig.
809 3806 921 3877 eccles.
940 3827 1010 3907 cap.
1032 3835 1060 3886 t,
1077 3816 1106 3896 i,
1130 3831 1184 3898 ιγ.
1201 3811 1290 3879 hunc
1306 3824 1349 3875 trs

693 3908 807 3976 tulum
826 3906 968 3980 fideater
982 3906 1225 3997 posuitr‘lqutlc
1239 3920 1352 3975 costra

693 4003 842 4103 psalmos
856 4024 921 4077 ‚at
934 4005 1070 4097 hymnos
1085 4006 1227 4073 humano
1243 4006 1351 4071 stttclt'o

701 4116 794 4197 comp
807 4099 895 4167 »sitos
910 4149 920 4180 ,
936 4117 973 4170 ut
987 4101 1069 4171 tales
1081 4099 1172 4186 farta
1186 4100 1324 4183 objectio
1341 4146 1352 4179 ,

698 4202 746 4271 At
765 4204 805 4267 de
822 4196 962 4267 Canone
990 4198 1141 4269 Concilii
1174 4201 1356 4270 Bracarem

700 4297 745 4370 sis
763 4296 866 4367 altum
881 4296 1053 4368 silentium
1072 4298 1102 4366 in
1120 4313 1193 4365 tcto
1210 4296 1269 4365 illo
1298 4318 1353 4385 pa·

701 4396 891 4486 ragtaplro.
929 4393 1020 4463 Alias
1035 4393 1243 4474 objectiones
1261 4392 1351 4484 pari-

698 4512 753 4565 ter
767 4490 926 4575 omittit,
955 4492 1154 4582 aequetis,
1178 4513 1259 4583 quas
1288 4488 1352 4559 sibi

699 4589 888 4683 proponit,
917 4591 1015 4681 plene
1033 4590 1192 4661 satisfacit
1209 4637 1220 4659 .
1248 4589 1353 4677 Saepe

699 4689 838 4761 miratus
873 4715 945 4761 sum
975 4690 1197 4781 pervulgatae
1230 4689 1352 4756 dehoc

697 4786 865 4877 scriptore
905 4789 1010 4857 famae
1049 4785 1259 4879 diligentiam
1288 4807 1351 4853 non

700 4886 938 4972 respondere3
968 4906 1003 4951 ac
1045 4884 1229 4954 dolendum
1275 4903 1355 4961 est,

701 4984 792 5076 quod
808 4980 866 5050 Cl.
883 4981 922 5051 Ρ.
939 4980 1148 5051 Mamachius
1167 4980 1356 5052 eruditissi-

1411 2463 1502 2517 mum
1518 2463 1605 2531 opus
1625 2443 1663 2511 de
1681 2438 1909 2515 ecclesiasticis
1925 2439 2077 2533 antiqui·

1411 2536 1534 2606 tatibus
1560 2560 1623 2608 non
1665 2536 1848 2606 absolverit
1876 2584 1887 2615 ,
1921 2557 2005 2612 aur,
2033 2557 2074 2604 eo

1407 2652 1555 2705 cessante
1569 2637 1614 2703 ob
1630 2632 1836 2722 amplissima
1864 2630 2075 2722 reipublicae

1407 2731 1607 2802 christianae
1649 2754 1786 2801 munera
1828 2729 1888 2822 ipsi
1920 2730 2074 2810 collata,
2185 2735 2188 2740 ’

1410 2828 1495 2899 alius
1523 2853 1587 2897 non
1608 2845 1651 2898 stt
1677 2850 1852 2919 aggressus
1881 2829 2073 2917 perficere.

1458 2926 1510 3013 (b)
1540 2924 1730 3003 Franciscns
1747 2927 1860 3011 lopez
1890 2926 1932 2993 de
1950 2923 2073 2994 Batre·

1409 3047 1443 3093 ra
1462 3021 1747 3116 Chartopltylacii
1767 3022 1933 3112 Hispanae
1963 3022 2071 3114 lega·

1409 3122 1509 3193 tionis
1526 3122 1556 3191 in
1574 3120 1664 3191 Urbe
1682 3121 1873 3191 Praefectus
1895 3120 2004 3190 edidit
2018 3144 2076 3189 an·

1409 3244 1452 3290 no
1475 3220 1575 3312 1758.
1597 3218 1877 3289 Dissertationem
1909 3239 2072 3312 perquam

1407 3319 1655 3405 eruditam,qua
1670 3339 1735 3383 non
1750 3315 1859 3384 solum
1874 3314 2071 3405 opinionem

1408 3414 1530 3489 Cernii
1556 3415 1736 3505 quemdam
1767 3412 1941 3503 antiquum
1958 3413 2073 3481 cano,

1408 3538 1487 3586 num
1516 3510 1669 3585 codicem
1689 3510 1721 3579 S.
1739 3510 1874 3594 Isidoro
1892 3508 2069 3578 tribuentis

1410 3612 1560 3692 refellit,
1587 3610 1644 3680 sed
1672 3607 1770 3678 etiam
1787 3607 1886 3688 alium
1914 3606 2069 3676 codicem

1409 3710 1583 3803 antiquum
1612 3707 1682 3795 ipse
1698 3705 1882 3796 producit,
1911 3725 2011 3795 quem
2030 3722 2076 3771 es·

1411 3832 1446 3879 se
1473 3809 1730 3900 ipsum'verum
1749 3794 1874 3886 vereris
1902 3797 2075 3873 Ecclesiae

1411 3906 1616 3998 Hispanicae
1630 3904 1781 3976 codicem
1798 3908 1893 3998 juxta
1916 3898 2077 3980 reforma·

1414 4003 1541 4085 tionem
1557 4001 1741 4075 §.Martini
1768 3996 1980 4069 Bracrrensis
2010 3995 2079 4094 dis-

1416 4103 1563 4194 positum
1580 4104 1755 4180 ostendere
1770 4114 1937 4167 conatur.
1964 4095 2078 4175 Huius

1414 4199 1541 4270 codicis
1557 4220 1660 4266 canon
1677 4195 1788 4284 67.his
1803 4193 1915 4275 verbis
1938 4212 1988 4263 est
2002 4214 2081 4263 con·

1415 4316 1532 4386 ceptus
1551 4323 1559 4362 ε
1582 4297 1666 4380 Non
1680 4307 1808 4387 oportet
1833 4290 1977 4387 psalmos
1994 4312 2079 4360 rom·

1410 4396 1558 4497 positos,
1589 4407 1619 4461 et
1635 4391 1794 4483 vulgares
1812 4392 1847 4459 in
1863 4390 2006 4460 Ecclesia
2037 4386 2081 4452 di·

1413 4515 1514 4575 erre,
1544 4512 1647 4583 neque
1675 4488 1816 4570 Libros,
1840 4490 1901 4585 qui
1927 4500 2003 4555 sunt
2021 4504 2081 4549 ex·

1415 4608 1467 4659 tra
1487 4598 1647 4670 (atonem
1668 4589 1800 4683 legere,
1831 4586 1895 4654 nisi
1919 4580 2004 4650 solos
2020 4601 2079 4649 ea·

1416 4689 1549 4758 totticos
1567 4688 1647 4767 novi
1664 4702 1695 4756 et
1721 4684 1842 4759 veteris
1867 4677 2054 4748 testamenti
2066 4720 2077 4741 .

1416 4786 1494 4862 Oui
1517 4786 1753 4870 explicatione¹
1776 4777 1983 4848 manifestior
2006 4774 2080 4844 ted«-

1416 4884 1509 4953 ditur
1555 4884 1722 4955 sententia
1777 4873 1915 4947 concilii
1958 4874 2083 4956 Bracae

1413 5005 1547 5052 sensis.
