5084 6234
1579 847 2670 946 H13,P.ANICA
3351 879 3518 965 335

1350 997 1468 1085 Os
1494 1026 1739 1085 suave
1777 1060 1805 1098 ,
1839 998 2022 1084 mite
2058 1020 2335 1110 pectus
2366 1056 2395 1096 ‚

1456 1120 1569 1206 Et
1601 1119 1807 1204 latus
1839 1113 2391 1202 dulcissimum
2423 1172 2452 1213 ,

1452 1239 2051 1352 Dexteramque
2087 1231 2597 1323 vulneratam
2625 1294 2655 1333 ,

1414 1445 1439 1460 -.
1455 1356 1566 1443 Et
1598 1355 1999 1442 sinistram
2029 1351 2394 1442 sauciam
2423 1415 2452 1453 ‚

1451 1475 1561 1560 Et
1595 1477 1883 1560 rubras
1915 1501 2202 1562 cruore
2238 1473 2557 1588 plantae

1451 1592 1721 1709 Aegra
1760 1592 1996 1707 tingit
2028 1591 2402 1701 lacrymis
2425 1642 2449 1676 ·.

1300 1753 1309 1765 ·
1345 1710 1842 1818 Centiesque
1862 1771 1891 1809 ,
1948 1706 2398 1818 milliesque

1448 1824 1783 1941 Stringit
1815 1827 2052 1916 arctis
2082 1824 2429 1915 nexibus

1457 1949 1742 2033 Pectus
1801 1943 2003 2033 illud
2033 2003 2062 2043 ‚
2092 1972 2174 2034 et
2203 1942 2538 2034 lacertoo
2672 2055 2676 2061 Ι

1447 2064 1589 2152 ula
1621 2063 1804 2186 figit
1841 2066 2182 2156 vulnera
2211 2128 2243 2166 ,

1452 2186 1747 2298 Sicque
1788 2208 1957 2271 tota
1990 2181 2484 2295 colliquescit

1458 2306 1554 2387 In
1587 2300 1887 2388 doloris
1926 2298 2275 2389 osculis.

1330 2421 1482 2539 Eja
1518 2421 1786 2507 Mater
1825 2421 2341 2508 obsecramus

1448 2541 1598 2625 Per
1631 2562 1817 2624 tuas
1849 2540 1997 2626 has
2033 2537 2429 2651 lacrymas
2461 2599 2493 2640 ,
2617 2573 2625 2582 ·

1446 2656 1782 2773 Filiique
1819 2655 2031 2746 triste
2062 2655 2369 2747 vulnus
2405 2719 2435 2760 ‚

1438 2776 2069 2891 vulnerumque
2101 2804 2549 2892 purpuram
2575 2835 2611 2876 ³

1444 2898 1696 2981 Hunc
1731 2895 1853 2982 tui
1884 2892 2147 2986 cordis
2178 2894 2538 2984 dolorem

1449 3013 1750 3097 Conde
1790 3014 2083 3100 nostris
2113 3014 2503 3099 cordibus
2539 3071 2564 3096 .

1329 3128 1525 3216 Esto
1562 3129 1774 3213 Patri
1817 3189 1845 3227 ,
1895 3129 2258 3243 Filioque
2288 3191 2319 3231 ,
2383 3171 2390 3183 ·

1443 3248 1550 3334 Et
1581 3275 1884 3336 coaevo
1917 3246 2261 3333 flamini
2298 3309 2328 3350 ,

1448 3370 1644 3455 Esto
1672 3395 2032 3454 summae
2062 3363 2447 3460 ‘trinitati

1438 3486 1943 3603 sempiterna
1972 3486 2223 3602 gloria
2261 3548 2291 3589 ,

1442 3607 1549 3690 Et
1578 3603 1954 3721 perennis
1982 3605 2205 3706 lauS,
2233 3606 2680 3721 honorque

1446 3726 1624 3810 Hoc
1661 3748 1740 3808 et
1768 3722 1992 3808 omni
2028 3722 2300 3811 seculo
2334 3782 2359 3810 .
2478 3784 2487 3790 -

739 3947 936 4022 elisio
1019 3979 1150 4029 non
1216 3959 1292 4031 fit
1345 3956 1598 4029 vocalis
1655 3959 1850 4033 unius
1911 3982 2066 4031 ver·

726 4070 850 4133 cus
898 4072 1059 4125 cum
1127 4056 1382 4140 vocali,
1415 4058 1757 4150 sequentis
1808 4057 2064 4149 eurIpi-

739 4143 886 4227 dii,
935 4154 1022 4222 de
1070 4177 1211 4244 quo
1264 4171 1488 4227 actum
1527 4174 1627 4227 est
1673 4156 1739 4230 in
1795 4162 2059 4230 Disser-

741 4250 982 4319 tatione
1004 4254 1062 4334 ξ.
1106 4256 1361 4323 XXXI.
1395 4275 1578 4324 num.
1617 4279 1699 4327 22
1720 4278 1784 4325 ι.
1819 4303 1841 4337 ,
1875 4253 2055 4326 malo

735 4344 982 4416 ceteris
1035 4348 1201 4418 hanc
1259 4351 1520 4421 veniam
1577 4356 1792 4434 dare,
1850 4375 2053 4448 quam

735 4444 820 4516 ab
871 4442 1018 4515 aliis
1078 4444 1245 4515 mihi
1301 4449 1703 4538 promittere
1736 4497 1759 4521 .
1803 4452 1878 4523 In
1931 4454 2058 4544 hy-

737 4565 895 4615 mno
968 4540 1050 4612 ad
1115 4543 1516 4616 matutinum
1576 4548 1895 4619 nonnulla
1926 4545 2064 4620 ani·

730 4642 1213 4715 madvertenda
1299 4641 1520 4733 reperi
1600 4664 1871 4734 practer
1924 4645 2056 4718 eli·

722 4738 954 4812 aiones
1013 4784 1034 4807 .
1104 4738 1353 4811 Versus
1447 4757 1830 4832 postremus
1887 4757 2055 4813 stro-

723 4833 899 4928 phae
931 4846 995 4927 3.
1045 4835 1444 4929 quibusdam
1485 4837 1549 4909 in
1583 4838 1996 4910 editionibus
2022 4887 2045 4922 ,

732 4953 894 5022 quas
943 4934 1080 5007 vidi
1136 4981 1159 5016 ,
1214 4937 1508 5027 scriptus
1593 4955 1692 5010 est
1746 4940 1876 5011 hoc
1932 4962 2045 5028 pa·

731 5041 896 5111 cto,
952 5037 1037 5104 Te
1098 5030 1356 5119 conficit
1397 5035 1698 5122 aculeis,
1759 5055 1826 5110 et
1874 5061 2037 5114 cum

2182 3959 2519 4033 secundus
2579 3979 2695 4049 pes
2774 3956 3017 4028 debeat
3072 3975 3215 4026 esse
3265 3955 3501 4048 dacty-

2183 4057 2285 4132 lus
2319 4106 2345 4140 ‚
2381 4080 2512 4130 non
2566 4071 2829 4128 constat
2883 4074 3120 4125 versus
3146 4100 3170 4137 ,
3204 4073 3332 4143 pro
3362 4072 3534 4144 quo,

2179 4153 2548 4247 subrogavi
2588 4183 2607 4225 a
2690 4160 2781 4226 Te
2855 4146 3124 4240 confixit
3175 4147 3422 4223 aculeis
3474 4196 3500 4233 ‚

2176 4253 2756 4347 quemadmodum
2812 4269 3163 4326 auctorem
3208 4244 3540 4341 scripsis·.

2176 4376 2247 4424 se
2284 4354 2538 4435 cred03
2570 4374 2717 4423 nam
2753 4351 2844 4424 ita
2877 4349 3131 4444 legitur
3161 4347 3225 4420 in
3260 4342 3534 4436 officiis·

2180 4450 2550 4522 Servorum
2614 4448 2871 4522 Mariae
2923 4447 3183 4520 Romae
3244 4465 3446 4535 1729.
3483 4487 3507 4511 .

2180 4546 2349 4618 Tres
2375 4546 2579 4640 primi
2612 4570 2845 4620 versus
2881 4542 3200 4640 Str-ophar
3228 4566 3299 4636 4.
3330 4538 3532 4618 clau-1
3593 4537 3600 4545 ’

2175 4644 2403 4718 dicant
2428 4692 2451 4727 ‚
2481 4643 2741 4734 primus
2765 4691 2790 4726 ,
2828 4641 2986 4737 quia
3022 4637 3261 4714 ultima
3301 4636 3508 4733 sylla·

2172 4743 2256 4813 ba
2288 4742 2352 4816 in
2395 4757 2593 4839 sputa
2629 4742 2704 4815 fit
2739 4741 2939 4833 longa
2971 4786 2996 4822 ‚
3052 4758 3272 4828 neque
3305 4734 3510 4810 elidi-

2170 4857 2335 4920 tur,
2393 4857 2720 4932 sequente
2778 4837 2990 4909 altera
3050 4837 3270 4913 vocali
3314 4881 3334 4917 2
3370 4833 3494 4909 nisi

2164 4953 2406 5009 auctor
2468 4936 2818 5030 scripserit
2870 4965 2890 5005 ε
2954 4933 3202 5017 31:221
3250 4949 3526 5041 ram*

2160 5036 2397 5135 alapae
2450 5061 2477 5126 3
2555 5037 2926 5112 secundus
2950 5057 3006 5137 ῃ
