5084 6234
578 837 673 949 pm
902 823 1583 919 'sessibulum

593 996 767 1077 iescam,
796 994 1001 1061 nauseare
1015 1017 1032 1075 ,·
1051 1002 1100 1060 ac
1108 992 1308 1090 patrono,
1340 971 1382 1057 in
1398 976 1472 1063 hac
1485 972 1657 1062 maxime
1673 971 1982 1065 tridentinaluce

590 1092 749 1208 prodire
770 1085 947 1215 gestiunt
980 1092 1137 1208 .Opus
1171 1094 1253 1179 hoc
1277 1121 1441 1182 constat
1477 1097 1543 1180 18.
1579 1095 1778 1212 capitibus
1821 1122 1982 1212 praeter

589 1210 913 1326 praefationem,
946 1236 986 1297 et
996 1213 1300 1330 perorationem
1316 1244 1330 1316 3
1346 1213 1390 1297 in
1405 1216 1492 1301 line
1510 1240 1668 1333 tempus
1684 1245 1802 1328 ,quo
1820 1212 2002 1304 absolu.

582 1351 677 1412 turn
706 1360 791 1435 est,
825 1357 991 1419 notatur
1006 1360 1025 1415 ’τ
1061 1330 1235 1417 Tridenri
1252 1332 1436 1419 Kalendis
1467 1334 1641 1454 Augusti
1659 1365 1675 1417 1
1686 1362 1710 1446 5
1716 1362 1782 1445 51.
1803 1399 1813 1418 .
1846 1334 1909 1420 Ex
1925 1360 1977 1417 eo

584 1452 791 1535 nonnulla
809 1453 968 1568 seligam
986 1452 1039 1535 ad
1056 1451 1225 1566 hujusce
1244 1451 1299 1537 rei
1318 1452 1525 1539 historiam
1544 1452 1823 1539 illustrandam
1842 1514 1852 1535 .

645 1599 686 1684 3.
720 1570 862 1688 Caput
877 1572 984 1655 Vlll.
1008 1569 1267 1656 inscribitur:
1285 1570 1404 1658 tauri
1418 1572 1657 1659 ecclesiastici
1670 1571 1835 1681 officium
1850 1572 1974 1656 imer-

574 1690 711 1773 turlmt
741 1690 876 1805 ubique
902 1688 1189 1804 (breviarium
1222 1720 1379 1781 novum
1395 1757 1408 1794 ‚
1424 1690 1447 1806 )
1466 1681 1609 1807 partim
1635 1688 1754 1775 xretiam
1783 1689 1907 1792 tollit,
1936 1717 1975 1775 et

575 1806 815 1920 tranformet
835 1871 844 1891 .
875 1811 986 1894 later
1001 1807 1077 1894 alia
1096 1832 1232 1893 autern
1246 1810 1345 1894 haec
1369 1810 1444 1928 legi
1465 1811 1587 1930 digna
1604 1835 1729 1896 sunt.
1760 1809 1804 1893 la
1821 1809 1977 1925 quibus·

576 1926 669 2017 wclam
688 1927 827 2034 clrorisi
840 1927 952 2012 etiarn
970 1926 1238 2014 cathedralium
1256 1928 1496 2016 ecclesiarum
1518 1958 1670 2048 magna
1694 1956 1868 2045 exparte
1881 1959 1976 2014 mu·

581 2060 704 2129 tatum
738 2043 903 2141 uidimus
919 2071 1076 2132 ueterem
1093 2046 1282 2160 psallendi
1295 2046 1408 2132 ritum
1430 2076 1497 2150 ,et
1514 2075 1556 2133 ut
1569 2047 1717 2132 interim
1735 2047 1829 2134 alios
1853 2047 1975 2136 omit·

578 2186 684 2264 tam,
713 2163 854 2279 (multa
871 2164 970 2248 enim
983 2166 1132 2281 passim
1153 2185 1364 2250 narrantur
1378 2170 1451 2255 lrac
1482 2168 1529 2250 de
1545 2165 1607 2279 re)
1621 2165 1662 2249 in
1682 2161 1876 2274 Hispania
1893 2194 1974 2255 tres

570 2278 744 2398 proferre
755 2313 910 2401 possum
928 2281 1118 2372 Ecclesias
1132 2285 1323 2400 (quarunt
1342 2317 1419 2371 una
1442 2305 1501 2372 est
1514 2283 1756 2401 metropolis,
1776 2284 1882 2369 duae
1898 2314 1975 2369 ca-

576 2402 782 2519 tlledrales)
799 2423 932 2517 nempe
959 2406 1394 2519 caesaraugustanam,
1422 2397 1753 2522 'Tprasuneasem
1787 2401 1977 2489 Pollenti-v

575 2549 670 2610 nam
690 2582 700 2605 .
732 2523 789 2607 ln·
807 2519 946 2638 quibus
980 2522 1083 2611 elteri
1113 2520 1276 2633 efficiunt
1294 2543 1485 2610 mutatum
1497 2551 1560 2607 est
1577 2549 1660 2605 tam
1690 2520 1734 2605 in
1750 2517 1983 2623 noctaan,'

576 2647 691 2754 q'uam
719 2640 758 2724 in
786 2643 923 2725 diurno
938 2640 1085 2750 officio:
1111 2666 1157 2725 et
1170 2642 1295 2725 adlruc
1322 2636 1543 2760 refragante
1571 2637 1727 2755 proprio
1745 2637 1973 2756 Episcopo,

575 2756 887 2852 Albaraciaeasis
921 2760 1091 2847 Ecclesia
1116 2756 1376 2861 catlrcdralis,
1408 2792 1506 2876 quae
1521 2759 1778 2845 Secobriceasi
1785 2778 1856 2843 est
1875 2787 1973 2843 con·

562 2874 745 2990 flaua,
777 2877 906 2964 eadem
925 2879 1102 2966 tenuitatis
1119 2876 1287 2995 vestigia
1319 2909 1439 2994 nuper
1447 2878 1603 2962 imitata
1614 2900 1706 2959 est.
1736 2876 1853 2983 Quod
1865 2875 1982 2992 ἱρείηΙ
2019 2873 2025 2882 ’

572 3013 651 3081 met
661 2996 939 3085 Secolrricensis
965 2999 1179 3116 Episcopus
1211 2997 1360 3113 Gaspar
1375 2999 1498 3084 Barsa
1533 2993 1705 3081 Tridenti
1736 3023 1975 3111 supercon-

573 3143 727 3229 questus
748 3147 804 3203 est
822 3180 832 3203 .
847 3178 857 3201 .
873 3181 908 3202 ..
934 3120 1052 3206 Porro
1067 3112 1329 3234 quodmajore
1342 3114 1596 3203 admiratione
1609 3113 1772 3233 dr‘gnum
1788 3133 1878 3215 est,
1900 3115 1985 3201 lua·

565 3229 755 3345 jusmodi.
786 3238 1083 3355 proscriptiones
1102 3233 1317 3352 {breviarii
1342 3235 1501 3350 veteris]
1534 3233 1576 3317 in
1604 3232 1767 3318 ecclesiis
1796 3228 1975 3348 rupitias

577 3354 807 3467 explicatis,
834 3376 872 3441 et
893 3386 1073 3442 novaram
1101 3351 1373 3441 breviariorum
1392 3354 1571 3439 editiones
1599 3352 1723 3436 instar
1753 3349 1868 3465 bajus
1884 3350 1975 3437 Ro-

576 3471 686 3556 mani
704 3529 719 3569 2
752 3473 846 3561 citra
862 3476 1130 3562 auctoritatem
1147 3471 1292 3558 summi
1304 3470 1501 3589 Pontificis
1518 3489 1791 3557 tentataesunt
1808 3532 1819 3553 .
1837 3469 1973 3586 Pergit

575 3615 741 3680 narrare
768 3589 906 3716 gravia
923 3595 1111 3682 scandala
1131 3622 1180 3679 err
1207 3589 1539 3684 novo-breviario
1573 3614 1689 3688 otta,
1721 3586 1970 3675 nominatim

575 3703 934 3834 Caesaraugustae
959 3714 1060 3801 feria
1080 3716 1153 3799 tu.
1185 3709 1227 3798 in
1256 3710 1393 3829 officio
1414 3715 1705 3808 tenebrarum,
1730 3732 1774 3795 et
1788 3704 1886 3792 feria
1904 3705 1968 3793 V.

570 3822 619 3909 in
637 3858 766 3920 coena
777 3835 953 3921 Domini
973 3899 984 3920 .
1152 3851 1155 3856 ’

629 3978 671 4065 4·
709 3952 856 4070 Capite
871 3958 923 4041 X.
950 3957 1122 4071 probare
1138 3975 1343 4050 conatur,
1370 3950 1603 4038 Haereticos
1623 3949 1816 4065 annquos
1832 3944 1969 4033 fuisse

571 4073 723 4189 primos
753 4071 990 4161 inventores
1007 4072 1127 4159 officii
1147 4071 1268 4158 trium
1293 4070 1537 4172 lectionum,
1570 4066 1767 4182 additque
1783 4102 1799 4157 r
1818 4072 1973 4158 Extre-

571 4219 636 4276 tao
647 4192 727 4276 loco
758 4192 911 4307 quidam
928 4193 1003 4279 viri
1018 4190 1107 4279 boni
1117 4257 1130 4293 ,
1145 4190 1317 4306 doctique
1334 4253 1348 4291 ,
1379 4192 1444 4276 sed
1456 4185 1644 4275 ¹nottitatis
1662 4250 1675 4285 ,
1707 4210 1751 4272 ut
1767 4206 1927 4310 apparet
1951 4199 1972 4290 ',

573 4308 736 4397 nimium
761 4309 920 4397 studiosi
941 4310 1019 4426 (de
1034 4303 1259 4430 Quigaonio
1280 4303 1388 4395 ¹enim
1419 4306 1499 4394 uiro
1514 4306 1686 4425 optimo,
1711 4338 1763 4394 ac
1787 4305 1971 4427 religioso

573 4429 669 4519 nilril
678 4428 824 4518 sinistri
845 4430 1034 4548 suspicari
1045 4427 1158 4543 libet)
1172 4429 1270 4544 pio,
1297 4452 1349 4514 ut
1371 4425 1558 4531 creditur,
1577 4428 1652 4545 pelo
1673 4422 1974 4518 ..stancona-
2077 4455 2081 4470 ²

574 4582 659 4635 nem
679 4549 905 4640 invexerunt
923 4613 934 4634 .
953 4621 957 4630 .
975 4613 985 4636 .
1002 4555 1110 4639 Mox
1126 4552 1183 4635 ad
1195 4546 1369 4633 missalia
1388 4545 1609 4636 innovanda
1630 4610 1644 4648 ,
1675 4544 1974 4660 etdeforrnmrdn

568 4668 702 4786 potius
721 4733 732 4767 ,
754 4702 867 4787 quam
887 4666 1123 4781 reformanda
1158 4669 1307 4755 licentia
1322 4670 1418 4753 ltaec
1444 4667 1611 4755 exaruit
1632 4730 1641 4746 .
1672 4665 1791 4775 Quod
1807 4661 1975 4781 atram

576 4788 782 4890 successit,
810 4822 895 4877 cum
907 4786 994 4903 jam
1015 4815 1144 4876 extent
1172 4787 1336 4875 missalia
1355 4791 1407 4873 ad
1421 4787 1543 4873 instar
1560 4788 1672 4892 laius
1686 4786 1863 4875 breviarii
1876 4809 1977 4869 con-2
2010 4785 2014 4792 ’

574 4905 800 4998 'sm·cinata.
831 4915 898 4993 ·l)e
938 4909 1003 4995 his
1031 4906 1260 4994 missalibus
1281 4909 1414 4993 instar.
1435 4889 1640 4995 v'breviarii
1678 4899 1977 5020 Quignoniani

580 5023 817 5143 explicatius
831 5026 1025 5144 agitcap.
1043 5032 1148 5121 tlte.
1182 5026 1400 5147 Edituspue
1412 5054 1466 5118 est
1475 5023 1646 5132 cristulis
1675 5021 1900 5139 liberjuxta
1918 5017 1980 5105 ri-

1884 5163 1968 5207 mm
