5084 6234
957 796 1606 891 scelestasrrcrs
1917 827 1970 917 23

611 1008 616 1020 ·
641 946 727 1033 26.
759 941 1040 1031 Nihilominus
1052 944 1167 1058 longe
1182 939 1431 1060 probabilius
1446 970 1516 1046 est,
1529 936 1793 1028 Philonemln
1813 968 1862 1029 eo
1872 973 1975 1060 opu·

598 1065 714 1151 sculo
738 1060 995 1152 conficiendo
1029 1061 1085 1145 ad
1106 1062 1227 1149 vitam
1248 1059 1487 1146 Ascerarum
1507 1061 1700 1148 Ecclesiae
1722 1057 1971 1147 Alexandri·

596 1211 673 1268 nae
693 1182 904 1300 respexisse
925 1236 940 1275 ‚
973 1206 1140 1291 eamque
1159 1177 1212 1261 ita
1240 1175 1377 1263 litteris
1397 1180 1681 1296 consignasse,
1707 1203 1757 1264 ut
1773 1178 1897 1266 multa
1917 1179 1967 1265 de

594 1329 672 1385 suo
689 1300 914 1397 addiderit,
937 1295 1054 1411 quasi
1070 1295 1301 1411 incoeptum
1319 1297 1371 1383 ab
1389 1296 1475 1382 aliis
1486 1298 1596 1386 vitae
1611 1326 1741 1415 genus
1754 1296 1971 1386 institutio·

595 1418 720 1506 nibus
735 1419 817 1505 suis
831 1415 1032 1531 perficeret
1049 1474 1060 1496 .
1093 1414 1175 1497 Sed
1191 1411 1273 1528 jam
1288 1412 1521 1501 audiendus
1537 1445 1594 1502 est
1610 1416 1691 1533 ipse
1714 1477 1725 1500 .
1748 1420 1882 1518 „Hoc
1895 1445 1984 1536 ξε·-

590 1594 625 1637 ,,
657 1568 736 1622 nus
753 1533 944 1650 reperitur
959 1531 1001 1615 rit
1015 1532 1143 1617 multis
1157 1530 1257 1617 orhis
1286 1532 1503 1651 regionibus
1524 1534 1665 1620 merito
1696 1559 1743 1619 ut
1758 1536 1983 1621 absolutae·

591 1710 622 1753 „
655 1652 809 1785 pietatis
822 1673 1028 1764 receptum
1043 1647 1259 1750 osGroecis,
1274 1676 1394 1763 atque
1410 1650 1589 1737 Borhtrris
1606 1714 1616 1735 .
1636 1653 1816 1738 Maxime
1833 1678 1982 1740 tamen·

557 1763 559 1771 ’
593 1829 624 1871 ,,
654 1798 696 1853 1n
714 1771 901 1885 Aegypto
914 1766 1197 1880 frequentatur
1205 1796 1279 1884 per
1285 1765 1544 1881 pnresectrrros
1556 1769 1730 1891 singulos
1741 1770 1969 1887 praesertim

594 1941 624 1989 „
644 1888 798 1975 circum
831 1884 1215 1970 Alexandriam
1248 1883 1423 1970 Solitarii
1453 1912 1612 1973 sanctae
1642 1887 1747 1977 vitae
1773 1887 1981 2001 mysteriis

590 2044 622 2107 ,·,
638 2066 640 2069 ψ
657 2007 971 2124 dantoptram,
1004 2001 1205 2106 nescibi,
1239 2029 1408 2119 potusve
1430 2003 1654 2117 quicquam
1683 2034 1733 2091 eo
1760 2004 1981 2107 inferunt,

586 2163 620 2224 ,5
651 2123 814 2210 aliudve
832 2123 877 2206 in
892 2122 1234 2239 usumcorporis,
1252 2121 1324 2208 sed
1337 2119 1460 2236 legem
1478 2145 1669 2224 tantum,
1686 2149 1725 2209 et
1742 2124 1968 2240 Propheta-

594 2295 625 2340 „
644 2270 738 2327 rum
751 2238 919 2327 oracula·
950 2238 1151 2327 divinitus
1160 2238 1349 2357 prodita,
1377 2263 1419 2325 et
1449 2239 1656 2352 quaedam
1686 2241 1765 2326 alia
1781 2240 1940 2356 pietatis
1952 2300 1979 2343 ,·
2054 2256 2058 2269 “

597 2418 627 2460 ,,
659 2357 930 2469 scientiaeque
944 2359 1242 2471 promovendae
1259 2356 1374 2443 utilia
1394 2414 1430 2441 ..
1447 2417 1457 2440 .
1474 2357 1614 2471 ltaque
1629 2382 1716 2442 non
1732 2358 1861 2441 solum
1878 2387 1975 2442 con·

596 2533 627 2576 „
658 2473 927 2592 templantur,
944 2473 1014 2559 sed
1030 2474 1147 2559 etiam
1159 2473 1354 2575 cantica,
1378 2478 1634 2588 hymnosque
1653 2476 1696 2559 in
1710 2472 1792 2558 Dei
1806 2473 1979 2559 laudent·

587 2651 622 2695 „
653 2614 907 2708 componunt
932 2591 1042 2676 uario
1054 2620 1259 2679 metrorum
1275 2653 1289 2693 ,
1303 2593 1593 2707 carminumque
1603 2621 1772 2711 genere,
1786 2591 1973 2708 rhythmis

591 2771 622 2812 „
653 2709 919 2796 concinnatos
933 2706 980 2789 in
1001 2712 1284 2823 augustiorem,
1296 2735 1339 2796 et
1349 2708 1572 2826 religiosam
1585 2711 1757 2830 speciem
1771 2774 1784 2796 .
1799 2772 1809 2794 .
1827 2760 1845 2793 ·.
1858 2709 1976 2795 Tum·

594 2888 624 2930 „
655 2828 715 2912 ille
731 2822 936 2941 (Praeses)
949 2854 1161 2940 :assurgens
1176 2830 1379 2940 hymmum
1396 2828 1439 2910 in
1453 2828 1615 2912 laudem
1638 2829 1714 2911 Dei
1729 2830 1884 2944 primus
1900 2856 1970 2911 ca·-

591 3005 625 3047 „
655 2945 717 3031 nit
728 2967 804 3029 aut
816 2972 981 3027 recurso
997 2972 1036 3026 se
1051 2945 1317 3059 compositum,
1331 2968 1406 3031 aut
1418 2944 1664 3060 descriptum
1673 2948 1726 3029 nh
1743 2947 1872 3059 aliquo
1894 2948 1973 3030 Vo-

593 3121 628 3164 „
655 3090 738 3146 rum
752 3088 920 3145 veterum
933 3093 949 3144 ·:
961 3083 1105 3147 extant
1122 3061 1230 3147 enim
1246 3061 1374 3176 hujus
1389 3061 1545 3177 generis
1554 3064 1728 3147 carmina
1734 3064 1865 3179 prisco
1883 3089 1969 3146 ver-

591 3238 626 3281 „
652 3211 697 3266 su
718 3177 918 3272 trimetro,
950 3177 1359 3291 ethymnicumsuis
1374 3178 1607 3266 accentibus
1632 3179 1740 3266 inter
1767 3209 1880 3266 sacra
1897 3208 1968 3265 ca-

454 3325 461 3339 ·
586 3355 624 3398 .„
656 3295 778 3380 nendi
795 3318 887 3381 ante
922 3294 1059 3381 altaria
1076 3297 1137 3384 vel
1155 3295 1422 3397 astantibus,
1450 3295 1556 3384 vela
1580 3295 1969 3384 choremducentihus

583 3474 620 3516 .„
648 3412 1168 3523 moderatossvorr'isslexihus
1181 3476 1195 3515 ,
1210 3444 1322 3529 ozque
1337 3411 1569 3525 reflexibus.

646 3531 1056 3644 ‘’21.·-,‚Praesulem
1083 3560 1181 3616 mox
1210 3532 1424 3617 imitantur
1454 3530 1571 3616 ceteri
1600 3529 1763 3620 decenti
1789 3530 1967 3632 ordine,

529 3750 539 3763 ‚
578 3706 611 3751 „
639 3647 1002 3736 omnibusintente
1017 3712 1031 3751 ,
1049 3649 1267 3764 quieteque
1296 3647 1652 3747 auscultantibus,
1681 3676 1972 3767 ‘praeterquam

580 3826 613 3869 „
641 3768 690 3853 in
709 3765 796 3852 line
834 3766 1016 3878 hymni,
1039 3793 1303 3880 aextrerrraque
1334 3765 1545 3851 clausula.
1575 3766 1697 3850 Tunc
1726 3767 1839 3851 enim
1865 3767 1966 3850 uni·
2069 3845 2079 3863 ,

578 3944 613 3987 ,,
636 3884 747 3977 versi
758 3912 903 3973 vocem
913 3885 1115 3973 extolhrnt
1124 3885 1214 3970 sine
1235 3911 1358 3969 sexus
1368 3880 1600 3969 discrimine
1617 3942 1631 3964 ,.
1653 3943 1695 3967 ..
1724 3882 1806 3971 Ubi
1819 3913 1968 3971 omnes

580 4059 615 4101 a,
642 4032 960 4105 consurrexere,
994 4007 1069 4088 duo
1101 4002 1202 4089 olori
1214 4002 1325 4088 fiunt
1352 4002 1400 4085 in
1428 4000 1566 4087 medio
1577 4001 1832 4103 coenaculo,
1865 4002 1963 4089 alter

570 4174 617 4219 υ
642 4123 853 4224 uirorum,
880 4122 977 4209 alter
995 4121 1269 4209 seminarum.
1298 4119 1471 4234 >Cuique
1500 4149 1601 4203 suus
1627 4120 1813 4209 incentor
1843 4148 1963 4234 prae-

574 4294 614 4338 2,
644 4234 774 4324 fieimr
794 4302 814 4343 v,
845 4242 1001 4328 honore
1025 4262 1277 4359 praestans,
1310 4265 1349 4329 et
1379 4236 1556 4326 canendi
1595 4238 1773 4355 peritia;
1814 4236 1989 4323 deinde·¹

574 4490 650 4564 que
669 4467 800 4544 ritibus
813 4475 988 4559 meirisin
1009 4476 1098 4553 locis
1112 4477 1240 4551 edisse·
1293 4474 1650 4576 goricosp'lerurnque
1665 4475 1828 4546 absurdos
1848 4468 1964 4540 detor·

579 4573 688 4662 rant?
714 4569 958 4649 -Laudathilo
981 4575 1242 4650 insuis'Thera·
1296 4598 1407 4670 quere
1428 4576 1584 4646 habuerit
1603 4573 1635 4645 io
1653 4570 1811 4648 deliciis.
1843 4568 1961 4658 Atque

576 4664 695 4757 ¹pestis
704 4665 1004 4763 interpretationes
1014 4671 1239 4771 allegoricas,
1302 4674 1430 4747 utinam
1445 4667 1550 4760 aliqui
1567 4664 1754 4739 Christiani
1768 4664 1839 4736 eius
1854 4662 1966 4737 effrae-

575 4759 709 4856 quibus
736 4764 773 4836 hi
799 4764 1078 4860 delectabanture
1103 4772 1142 4844 io
1171 4796 1242 4867 quo
1302 4791 1412 4843 natam
1428 4765 1601 4843 'licentiam
1626 4762 1664 4835 in
1685 4761 1876 4859 allegoricis
1903 4783 1965 4834 ex·

574 4880 715 4935 'eausam
733 4862 792 4936 ille
809 4865 885 4959 agit
902 4889 1030 4951 suam,
1055 4891 1133 4942 eum
1155 4870 1243 4943 litte·
1303 4865 1549 4961 planationibus
1569 4887 1633 4935 non
1649 4860 1789 4933 fuissent
1812 4858 1962 4933 imitatio!

571 4975 654 5031 nm
677 4983 795 5036 taem
805 4963 950 5060 paginae
963 4968 1011 5047 ad
1029 4968 1244 5041 motus-alle·
1296 4963 1432 5039 Adi·sis
1444 4962 1624 5037 ⁴Platonem
1644 4958 1749 5055 .lr‘b.7.
1768 4962 1807 5032 dc
1821 4952 1940 5049 legib·

691 5103 700 5140 ,
1105 5116 1109 5125 .
