5084 6234
498 713 640 893 *m-
962 772 1526 873 ronnrnnrs

571 987 598 1026 „
632 922 991 1035 cantanthymnos
1017 921 1059 1004 in
1078 920 1239 1007 laudem
1252 922 1327 1006 Dei
1345 926 1581 1041 compositos
1594 924 1710 1017 vmiis
1724 939 1960 1029 menonem

574 1106 605 1147 „
633 1044 914 1153 carminumque
938 1039 1166 1156 generibus,
1197 1071 1301 1127 nnnc
1317 1071 1380 1124 ore
1409 1073 1515 1144 uno,
1545 1077 1649 1131 nunc
1662 1044 1845 1146 anemis,
1872 1074 1959 1129 non

576 1224 608 1263 ‚,
636 1160 720 1245 sine
748 1157 931 1255 decoris,
963 1185 1008 1240 ac
1028 1156 1210 1274 religiosis
1222 1156 1418 1275 gestibus,
1447 1187 1567 1273 atque
1585 1162 1846 1263 accentibus,
1878 1190 1962 1246 mo-

577 1339 606 1381 „
637 1277 692 1362 do
709 1301 858 1362 stantes
880 1337 893 1375 ,
922 1272 1045 1361 modo
1061 1304 1273 1390 prorsum,
1289 1282 1730 1396 retrorsumvegradnm
1749 1307 1962 1379 monentes,

577 1455 606 1500 ‚,
634 1419 855 1505 utcumque
893 1421 953 1476 res
973 1391 1180 1504 postulat.
1213 1390 1370 1474 Deinde
1386 1420 1598 1507 postquam
1628 1424 1797 1510 uterque
1814 1397 1963 1485 chorus

577 1576 607 1618 ‚,
637 1538 816 1599 seorsum
838 1506 1009 1625 explevit
1032 1538 1111 1599 sese
1138 1509 1202 1596 his
1219 1506 1366 1598 deliciis
1386 1511 1524 1606 ,velut
1545 1542 1681 1598 amore
1699 1514 1840 1601 divino
1863 1514 1963 1604 ebrii

578 1694 608 1735 ,‚
639 1658 771 1713 unum
804 1629 974 1713 chorum
1008 1625 1167 1722 faciunt
1210 1624 1578 1742 promiscuum...
1612 1628 1789 1740 Hymnis
1818 1630 1969 1743 gratias

580 1812 609 1853 ‚‚
639 1746 838 1866 Servatoni
870 1743 964 1829 Deo
997 1747 1198 1832 canebant
1226 1747 1249 1861 (
1275 1744 1507 1858 Israelitae)
1540 1808 1554 1847 ,
1584 1747 1838 1863 praecinente
1869 1746 1968 1836 viris
2033 1825 2037 1831 .

579 1896 608 1971 ς,
639 1867 754 1951 Mose
784 1863 1011 1978 propheta,
1044 1862 1272 1952 Mariamme
1307 1891 1404 1947 vero
1433 1864 1667 1980 prophetide
1703 1861 1889 1962 feminis,
1913 1864 1968 1957 ad
1998 1955 2000 1959 ,

579 1985 788 2089 „horum
822 1978 991 2071 maxime
1036 1979 1298 2065 imitationem
1329 1979 1395 2064 hic
1428 1982 1794 2096 therapeutarum,
1827 1981 1965 2066 thera-

581 2165 612 2206 „
643 2096 955 2214 peutridumque
986 2096 1136 2182 chorus
1160 2095 1435 2211 compositus,
1458 2124 1498 2184 et
1519 2099 1650 2191 mixtis
1669 2102 1723 2183 ad
1740 2125 1878 2215 graves
1902 2098 1967 2185 vi-

582 2278 613 2325 „
646 2245 783 2302 rorum
812 2211 939 2306 acutis
956 2211 1139 2298 femineis
1169 2215 1339 2303 vocibus
1366 2216 1565 2301 concinne
1601 2242 1842 2330 temperatus
1871 2244 1969 2304 cono

583 2402 612 2441 „
645 2360 812 2424 centum
840 2331 969 2427 reddit
999 2332 1313 2432 suavissimum,
1335 2360 1507 2445 vereque
1534 2332 1760 2432 musicum3
1787 2331 1968 2446 pulcher

583 2517 611 2557 ‚,
645 2451 752 2539 rimis
776 2449 883 2533 enim
906 2450 1040 2534 verbis
1057 2447 1326 2539 includuntur
1340 2451 1558 2535 sententiae
1597 2447 1885 2564 pulcherrimae
1912 2478 1969 2563 ree

583 2585 617 2675 ,ς
639 2565 783 2688 ligiosis
814 2566 957 2651 choreis
1012 2566 1324 2654 accedentibus.
1351 2569 1510 2651 Horum
1545 2594 1666 2680 porro
1681 2565 1971 2679 ‚universorum

586 2683 737 2791 „linis
767 2710 878 2774 unus
919 2705 956 2770 et
982 2680 1087 2776 idem
1116 2707 1174 2770 est
1205 2682 1330 2811 pietas
1359 2708 1432 2773 etc·
1448 2745 1477 2797 η

1169 2926 1388 3046 tvm.

604 3102 607 3107 ’
761 3105 866 3212 Quid
890 3138 941 3194 ex
967 3110 1288 3222 Therapentornm
1304 3106 1474 3194 instituto
1496 3109 1549 3191 nd
1564 3134 1784 3197 concentum

889 3255 1078 3311 sacrorum
1096 3228 1334 3341 Hymnornm
1353 3224 1652 3341 confirmandum

1113 3344 1244 3462 colligi
1266 3341 1438 3430 debent?

601 3524 689 3609 es.
709 3459 853 3603 Haec
887 3548 937 3604 ex
968 3520 1132 3605 Philone
1166 3518 1213 3604 de
1240 3518 1536 3636 Therapeutis,
1560 3542 1772 3633 qnantum
1797 3517 1963 3636 quidem

588 3641 643 3723 ad
660 3667 792 3723 sacros
825 3665 966 3722 eorum
992 3666 1136 3726 cantus
1169 3640 1333 3739 attinet,
1363 3665 1545 3754 excerpta
1573 3666 1697 3725 sunt.
1719 3639 1780 3722 Ex
1813 3637 1981 3751 quibus.

589 3755 780 3843 omnibus
810 3754 937 3869 liquet
966 3757 1163 3872 primum,
1188 3756 1464 3870 Therapeuras
1489 3756 1531 3840 in
1553 3755 1686 3842 multis
1701 3756 1808 3842 orbis
1841 3753 1967 3868 regio.-

590 3876 743 3974 nibus,
763 3876 804 3958 in
823 3873 989 3989 singulis
1006 3873 1179 3992 Aegypti
1196 3874 1482 3974 Braelecturis,
1511 3874 1758 3989 potissimum
1780 3900 1876 3961 vero
1893 3869 1971 3958 cir·

592 4022 640 4081 ca
661 3990 950 4074 Alexandriam
967 3991 1144 4076 floruisse
1167 4020 1178 4072 τ
1194 3992 1326 4076 deinde
1342 4053 1356 4092 ‚
1387 4021 1454 4077 eos
1471 3992 1604 4077 solitos
1619 3991 1738 4077 luisse
1757 3989 1970 4077 concinere

590 4116 780 4222 Hymnos
806 4133 894 4194 tum
910 4134 1089 4211 veteres,
1124 4134 1211 4193 tum
1244 4139 1400 4208 novos,
1429 4136 1516 4194 tum
1532 4108 1721 4210 metrice,
1751 4134 1838 4196 tum
1871 4109 1986 4218 thy*r

591 4227 739 4314 thmice
756 4260 766 4308 ι
777 4253 1001 4341 praetereo,
1023 4228 1246 4328 modulos,
1275 4256 1543 4340 numerosque
1578 4228 1750 4313 musicos
1777 4255 1980 4342 usurpasz

593 4376 632 4430 se
651 4375 662 4430 τ
692 4372 880 4459 postremo
900 4404 913 4440 ,
947 4372 1059 4430 nunc
1077 4374 1144 4430 ore
1161 4375 1282 4446 uno,
1310 4374 1422 4430 nunc
1441 4344 1600 4428 alternis
1613 4374 1697 4429 non
1716 4344 1801 4429 sine
1819 4342 1971 4430 choreis

595 4490 764 4549 cantum
782 4457 1018 4545 huiusmodi
1044 4464 1164 4548 fuisse
1192 4462 1462 4564 celebratum,
1488 4460 1614 4562 viris,
1642 4460 1880 4574 seminisque
1898 4454 1972 4539 ali,

598 4581 766 4695 quando
798 4576 916 4661 simul
935 4582 1196 4669 cantantibus
1218 4642 1228 4663 .
1252 4581 1329 4664 Sed
1348 4579 1587 4666 credibilene
1612 4606 1697 4683 est,
1720 4584 1823 4664 hanc
1847 4596 1972 4657 totam

599 4688 772 4796 [canendi
787 4696 1036 4811 disciplinam
1052 4730 1074 4783 a
1091 4698 1228 4816 primis
1240 4696 1485 4783 Christianis
1500 4700 1713 4816 perplures
1727 4690 1836 4778 orbis
1850 4689 1979 4810 regio·¹

599 4842 671 4911 nes
687 4807 839 4896 diffusis
855 4812 973 4900 fuisse
995 4815 1120 4930 reipsa
1143 4814 1431 4906 observatam?
1464 4817 1570 4903 Mihi
1597 4840 1692 4905 sane
1719 4811 1980 4902 vehementer.

601 4930 808 5049 displicent
823 4928 990 5034 choreae
1007 4934 1091 5019 illae
1112 4933 1603 5048 quantumvismnderatnc
1619 4925 1981 5155 mma&

1707 5109 1711 5122 .
1931 5068 1975 5128 e·
