5084 6234
1996 861 3066 963 GOT-H'ORUM

3749 870 3919 986 383

2301 1014 2553 1107 [aetio
2592 1011 2767 1104 VII.

1595 1194 1737 1294 Ex
1768 1189 2104 1281 Homilia
2150 1196 2242 1281 S.
2282 1195 2611 1282 Leandri
2655 1192 3023 1309 Episcopi
3077 1194 3185 1279 ad
3212 1192 3487 1277 Patres

1980 1312 2045 1397 C
2044 1312 2299 1398 oncilii
2336 1313 2478 1399 Ill.
2518 1312 2873 1399 Toletani
2898 1313 3038 1430 (a)
3069 1374 3092 1397 .

1275 1486 1802 1581 Festivitatem
1867 1492 2084 1575 hanc
2149 1492 2518 1577 omnium
2582 1522 2741 1579 esse
2776 1492 3335 1579 solemniorem
3404 1484 3927 1573 festivitatum

1152 1611 1474 1702 novitas
1536 1609 1703 1728 ipsa
1738 1607 2139 1743 significat
2173 1672 2196 1693 .

2262 1610 2689 1725 Quoniam
2761 1611 2970 1698 sicut
3029 1639 3242 1698 nova
3304 1633 3420 1693 est
3502 1603 3928 1691 conversio

1155 1753 1569 1816 tantarum
1630 1730 1982 1847 pleb1um
2041 1755 2284 1813 causa
2351 1790 2378 1828 ,
2442 1752 2520 1814 et
2616 1727 3015 1815 nobiliora
3083 1755 3281 1814 sunt
3360 1724 3590 1810 solito
3665 1721 3932 1806 Eccle-

1150 1843 1315 1931 siae
1395 1848 1696 1960 gaudia
1748 1881 1770 1931 ε
1834 1873 2030 1927 narn
2059 1844 2350 1931 multas
2408 1845 2947 1936 solemnitates
3001 1875 3144 1963 per
3197 1845 3398 1929 anni
3464 1842 3926 1928 discursum

1158 1962 1500 2049 celebrat
1566 1963 1920 2052 Ecclesia
1984 2024 2011 2063 ,
2111 1962 2196 2046 in
2265 1964 2571 2077 quibus
2621 1964 2927 2051 tametsi
2983 1965 3226 2070 habet
3315 1958 3624 2079 gaudia¹
3718 1986 3924 2042 con-

1153 2103 1383 2164 sueta
1450 2112 1479 2182 ς
1569 2109 1786 2172 nova
1854 2108 2049 2168 vero
2109 2079 2317 2169 sicut
2381 2082 2467 2166 in
2523 2081 2680 2166 hac
2761 2109 2933 2166 non
2994 2082 3240 2168 habet
3298 2109 3327 2181 3
3389 2076 3645 2165 taliter
3703 2072 3923 2161 enim

1149 2197 1452 2329 gaudet
1521 2198 1620 2284 de
1698 2201 1939 2286 rebus
2016 2228 2323 2315 semper
2400 2197 2771 2317 possessis
2831 2262 2860 2301 ,
2950 2199 3174 2287 aliter
3263 2199 3360 2282 de
3430 2194 3673 2283 lucris
3761 2223 3927 2281 ma·
4031 2273 4036 2282 .

1149 2343 1332 2430 gms
1433 2315 1565 2403 his
1656 2346 1921 2434 nuper
1984 2316 2341 2407 invenus
2423 2380 2449 2403 .

1148 2592 1423 2687 adeptus
1449 2606 1547 2662 est
1577 2592 1982 2663 Christianus
2022 2599 2317 2693 popalus
2346 2620 2469 2667 nu·

1148 2703 1222 2758 tu
1281 2690 1659 2761 Theodorae
1715 2692 2056 2785 Reginae,
2100 2692 2471 2792 ἠμφισβ-

1147 2786 1228 2857 lia·
1255 2788 1362 2884 piu·
1408 2787 1763 2859 MIchaeelis
1814 2796 2245 2884 Imperatoris
2310 2841 2332 2863 .
2386 2794 2465 2864 In

1147 2885 1308 2982 Qda
1343 2885 1499 2957 V11.
1574 2894 1627 2955 E
1650 2888 1909 2982 pn‘ort‘s,
1936 2888 2274 2964 haereseos
2300 2889 2466 2963 cali·

1197 2983 1302 3053 ine
1334 2982 1600 3055 liberati
1627 2999 1791 3055 nutu
1813 2988 2192 3060 Theodora
2216 2991 2468 3081 dignis·

1143 3102 1352 3150 umae
1383 3081 1675 3173 Reginae
1705 3084 2027 3151 canimus.
2070 3089 2471 3156 Benediuus

1145 3199 1213 3247 es
1242 3179 1520 3246 Domine
1548 3226 1569 3245 .
1622 3178 1698 3247 In
1728 3179 1884 3251 oda
1928 3179 2117 3253 vm.
2145 3182 2417 3252 Illustrat
2443 3228 2469 3265 ,

1145 3274 1334 3347 miset
1346 3274 1518 3344 icors
1541 3322 1564 3355 ,
1595 3274 1828 3346 divina
1849 3274 2077 3368 gloria
2106 3295 2225 3351 tua
2253 3289 2461 3374 Reges

1145 3386 1398 3446 nostros
1461 3418 1484 3453 ‚
1537 3388 1738 3467 atque
1793 3376 2149 3469 angelicis
2195 3379 2461 3475 praesi-

1148 3471 1273 3558 diis
1297 3516 1322 3551 ,
1372 3489 1436 3540 es
1488 3473 1694 3543 armis
1734 3496 1849 3558 ⁴eos
1867 3489 2152 3573 protege
2175 3525 2200 3557 ‚
2252 3476 2459 3564 subja,

1149 3568 1324 3639 ciens
1379 3567 1515 3643 illis
1541 3618 1563 3650 ,
1621 3573 1903 3644 Domine
1933 3620 1959 3653 ,
2000 3579 2304 3670 gentium
2331 3602 2461 3648 au·

1151 3667 1454 3738 daciam.
1515 3666 1793 3740 Omitto
1841 3669 1968 3740 alia
2017 3696 2100 3743 ex
2156 3677 2338 3756 hoc,
2390 3695 2460 3746 et

1156 3787 1242 3834 ex
1277 3762 1427 3835 aliis
1448 3763 1627 3837 locis
1656 3792 1677 3834 ε
1713 3770 1907 3848 haec,
1931 3767 2087 3858 quia
2114 3774 2354 3843 nostris
2381 3773 2470 3844 si·

1157 3860 1443 3933 millima
1474 3878 1626 3931 sunt
1655 3909 1681 3942 ,
1708 3862 1940 3933 libenti
1979 3865 2205 3937 animo
2231 3871 2470 3942 decer-

1155 3956 1258 4050 psi
1288 4006 1312 4030 .
1335 3956 1575 4031 Nolim
1605 3975 1828 4031 tamen
1857 3960 2285 4039 Recaredum
2311 3991 2488 4043 cum-

1154 4054 1493 4127 Michaele
1522 4056 1947 4148 Imperatore
1973 4064 2289 4136 conferri=
2317 4090 2466 4139 nam

1152 4151 1273 4254 liic
1337 4170 1491 4243 post
1546 4155 2117 4233 Iconoclastarum
2163 4170 2468 4238 errorem

1155 4271 1477 4323 eversum
1532 4252 1743 4325 vitam
1794 4256 2005 4351 gessit
2054 4260 2270 4354 magis
2316 4287 2475 4336 exe·

1145 4352 1470 4420 trandarn
1497 4399 1525 4433 ,
1574 4376 1775 4444 quam
1808 4352 2245 4431 laudandam.

1257 4456 1364 4539 (a)
1427 4450 1613 4521 Cum
1674 4450 2119 4545 Evangelium
2174 4457 2289 4529 SS.
2325 4455 2483 4527 Tri-

1155 4546 1383 4619 nitatis
1410 4570 1492 4622 εκ
1520 4550 2140 4661 cap.38.Matthaei
2168 4557 2489 4650 deprom-

1157 4661 1353 4739 ptum
1403 4667 1922 4721 conversionem
1962 4653 2270 4730 omnium
2310 4678 2478 4748 gen·

1157 4742 1331 4814 tium
1373 4743 1729 4839 attingam
1782 4756 2033 4819 Eunus
2085 4762 2245 4847 ergo
2297 4756 2487 4826 doce·

1162 4853 1231 4911 te
1276 4865 1499 4917 omnes
1521 4862 1755 4940 gentes
1781 4844 2202 4944 baptizantes
2249 4872 2356 4921 eos
2411 4852 2487 4921 in

1164 4945 1431 5014 nomine
1459 4946 1685 5015 Patris
1722 4991 1750 5026 ,
1801 4958 1869 5016 et
1921 4947 2085 5017 Filii
2111 4997 2137 5030 ‚
2185 4963 2257 5018 et
2290 4948 2493 5046 Spin·-

1167 5049 1273 5112 ιω
1298 5043 1568 5136 sanct&
1615 5042 1981 5140 aptissime·
2012 5050 2108 5121 ad
2156 5045 2328 5123 illud
2373 5067 2495 5121 ac·

2541 3529 2558 3540 .
2576 3489 2786 3545 strata
2845 3472 3200 3547 elaborare
3260 3522 3283 3542 .

2536 2318 2704 2401 Pro
2785 2346 2952 2431 qua
3027 2345 3110 2403 re
3201 2341 3280 2404 et
3359 2344 3509 2400 nos
3592 2311 3926 2429 majori-

2585 2593 3012 2667 commodari
3042 2607 3267 2689 potest
3298 2589 3581 2663 homilia
3612 2590 3682 2660 S.
3716 2589 3930 2662 Lean··

2584 2695 2687 2764 dri
2728 2740 2751 2774 ‚
2835 2715 3010 2784 quae
3066 2685 3133 2762 in
3194 2689 3438 2762 eodem
3499 2705 3911 2783 argumento

2585 2806 2901 2862 versatur
2921 2837 2945 2863 .
2968 2790 3304 2862 Affectam
3337 2789 3506 2870 iam,
3543 2810 3620 2859 ac
3647 2836 3674 2869 ,
3701 2807 3917 2880 quan-

2588 2906 2733 2964 tum
2787 2889 2854 2959 in
2885 2910 2993 2959 me
3047 2888 3256 2961 situm
3314 2903 3418 2958 est
3452 2933 3477 2968 ,
3532 2884 3914 2966 absolutam

2588 2988 2758 3059 hanc
2816 2986 3290 3076 Appendicem
3354 3006 3511 3055 cum
3565 2984 3924 3080 haberem,-

2589 3075 2672 3155 ἐκ
2708 3081 2801 3152 cl.
2836 3081 3102 3154 Thoma
3143 3079 3358 3152 Belon
3391 3129 3417 3163 ,
3475 3078 3595 3174 qui
3654 3079 3918 3173 primus

2586 3182 2786 3262 huius
2813 3178 3071 3251 consilii
3100 3196 3344 3250 auctor
3365 3174 3594 3251 extitit
3628 3225 3654 3257 ,
3720 3177 3928 3250 audi-‘

2565 3276 2656 3348 ·vi
2681 3326 2706 3361 ,
2758 3301 2834 3349 se
2857 3299 3136 3372 quoque
3160 3325 3186 3357 ,
3220 3293 3297 3348 ut
3333 3277 3512 3348 idem
3545 3278 3912 3366 persuade-

2583 3394 2734 3459 ret,
2794 3375 2860 3446 in
2913 3399 3035 3446 sua
3064 3374 3362 3446 Ecclesia
3417 3371 3701 3445 Gothica
3737 3373 3930 3443 inum

3376 3473 3533 3544 Hoc
3588 3495 3763 3564 opus
3813 3490 3897 3546 ut

2581 3573 2984 3664 quantocius
3037 3574 3324 3660 prodeat
3359 3568 3422 3639 in
3456 3568 3675 3640 lucem
3707 3619 3732 3652 ‚
3789 3596 3913 3643 vo·

2581 3669 2669 3739 tis
2693 3670 3007 3741 omnibus
3037 3668 3492 3758 expetendum
3526 3684 3628 3735 est
3655 3713 3678 3748 ‚
3714 3697 3718 3702 ¹
3758 3686 3906 3739 tum

2568 3784 2668 3838 -ut
2720 3766 3150 3858 antiquitates
3187 3763 3529 3834 Ecclesiae
3563 3765 3911 3854 Gothicae

2589 3868 2675 3937 ab
2734 3862 3120 3935 eruditione
3176 3907 3206 3942 ,
3254 3880 3323 3932 et
3376 3860 3643 3941 iudicio
3685 3910 3712 3943 ‚
3771 3885 3915 3958 quo

2589 3980 2837 4035 auctor
2895 3959 3111 4053 pollet
3177 4006 3202 4042 ,
3260 3956 3588 4051 singulari
3644 3982 3899 4034 novum

2588 4060 3027 4152 splendorem
3079 4054 3466 4149 accipiant,
3517 4074 3666 4129 turn
3700 4058 3974 4140 ut‚si·‘

2588 4158 2756 4253 quid
2813 4156 2975 4229 huic
3018 4178 3204 4227 meae
3255 4155 3587 4228 diatribae
3636 4156 3913 4240 deerit,

2594 4266 2622 4351 (
2653 4258 2940 4327 deerunt
2972 4272 3202 4325 autem
3238 4253 3457 4328 multa
3489 4302 3512 4336 ‚
3542 4259 3574 4343 )
3625 4279 3717 4327 ex
3760 4253 3935 4327 vali‘

2596 4354 2911 4427 dioribus
2966 4357 3114 4435 eius
3167 4350 3556 4425 rationibus
3613 4351 3926 4445 suppleaa

2600 4472 2767 4535 tur,
2816 4475 2961 4545 quo
3023 4449 3294 4523 facilius
3347 4474 3589 4522 omnes
3638 4453 3723 4520 ad
3778 4472 3931 4520 ean·

2602 4554 2762 4626 dem
2796 4549 3195 4623 sententiam
3245 4547 3789 4641 amplectendam
3818 4569 3935 4619 ex·

2599 4652 2902 4726 citentur
2943 4695 2972 4718 .
3046 4648 3221 4718 Sane
3278 4670 3416 4717 non
3467 4646 3680 4717 modo
3726 4645 3927 4719 facile

2603 4766 2879 4846 paterer
2895 4793 2925 4829 ‚
2969 4746 3096 4818 sed
3120 4739 3329 4817 etiam
3360 4741 3726 4837 guaderem
3750 4788 3780 4828 ‚
3803 4746 3926 4821 has

2604 4873 2788 4921 meas
2836 4869 3044 4941 nugas
3100 4893 3128 4925 ³
3192 4869 3360 4937 quas
3428 4839 3709 4941 tertium
3785 4845 3921 4925 iam

2604 4949 2668 5017 in
2724 4965 2976 5017 annum
3028 4945 3244 5033 prensi
3268 4989 3296 5025 2
3340 4969 3380 5017 a
3428 4937 3933 5037 praestantiori-

2599 5049 2804 5137 ἔπι-ῃ
3589 5053 3757 5109 ιι
