5084 6234
950 832 1611 929 ecciesiasticis
1912 869 1966 958 37

578 1007 633 1100 gn
647 1027 668 1045 -
684 978 750 1065 Aa
781 1008 908 1068 sancte
939 981 1170 1064 laudandum
1201 976 1374 1063 -sincere
1402 980 1609 1063 canendum
1635 1024 1655 1042 ·
1674 1002 1739 1062 ore
1770 977 1928 1067 innoxio
1945 1031 1968 1051 -

580 1148 601 1163 ·
617 1098 804 1184 Clnisturn
837 1128 1043 1215 puerorum
1075 1099 1223 1180 Ducem
1243 1145 1263 1159 ·
1292 1154 1300 1172 ·
1322 1153 1332 1175 ·
1354 1156 1363 1176 .
1385 1158 1395 1180 .
1430 1145 1450 1160 ·
1467 1101 1639 1211 qurtnus
1666 1099 1816 1183 uertices
1829 1146 1847 1161 ·
1865 1100 1968 1215 Regi

581 1217 726 1301 Christo
743 1268 759 1279 ·
783 1221 976 1302 Cannrnus
1005 1215 1120 1298 simul
1134 1261 1154 1276 -
1173 1215 1368 1300 Cunumtrs
1396 1214 1612 1329 simpliciter
1635 1264 1656 1282 -
1674 1218 1882 1305 Psallnrnus
1913 1218 1967 1303 ai-

578 1336 662 1431 mul
686 1337 814 1418 Deum
841 1334 976 1419 Pucist
995 1367 1022 1407 =
1039 1330 1133 1447 (a).

616 1465 710 1564 '44
726 1451 873 1542 „Aliam
907 1451 972 1534 hic
1004 1450 1178 1535 excitant
1208 1450 1485 1565 quaestionem
1503 1452 1688 1536 nonnulli
1707 1515 1720 1553 ,
1751 1454 1794 1537 in
1814 1454 1967 1567 quibus

577 1602 641 1661 est
672 1568 853 1655 Valesius
870 1568 969 1680 (ι),
997 1569 1315 1670 contendentes,
1351 1598 1435 1652 non
1461 1570 1579 1655 luisse
1612 1571 1790 1657 carmina
1825 1573 1865 1656 in
1886 1574 1966 1658 Dei

575 1688 736 1778 laudem
753 1715 775 1768 a
794 1685 1038 1772 Christianis
1054 1688 1270 1801 composita
1306 1717 1433 1803 usque
1452 1688 1504 1771 ad
1531 1687 1841 1777 Antoninorum
1867 1716 1969 1777 tern-

576 1834 674 1928 pora
707 1831 796 1919 post
829 1805 1083 1890 dimidiatum
1126 1808 1305 1889 seculum
1352 1806 1615 1909 secundum
1654 1838 1740 1919 quo
1773 1808 1966 1895 nimirum

577 1950 750 2037 tempore
768 1923 1024 2038 Philosophi,
1058 1921 1231 2031 Virique
1266 1922 1424 2009 litterati
1443 1924 1562 2009 fidem
1584 1931 1675 2022 lesu
1702 1927 1855 2013 Christi
1887 1957 1968 2012 am·

577 2041 689 2163 plecti
723 2069 984 2156 coeperunt.
1016 2043 1116 2154 Quo
1159 2065 1291 2126 tamen
1345 2040 1387 2123 id
1417 2070 1653 2156 argumento
1704 2045 1966 2131 conficiunt?

578 2165 764 2278 Quamve
801 2163 901 2248 dant
943 2158 1244 2277 responsionem
1275 2157 1430 2259 Plinii,
1471 2159 1724 2273 aliorumque
1757 2164 1969 2250 auctorita·

575 2283 714 2378 tibus,
744 2281 897 2389 quibus
929 2307 1134 2364 sacrorum
1167 2277 1393 2364 carminum
1435 2307 1532 2361 usus
1568 2284 1680 2393 apud
1711 2279 1969 2369 Christianos

577 2394 787 2508 antiquior
805 2395 1025 2482 Antoninis
1056 2394 1313 2482 adstruitur?
1343 2397 1452 2477 Nam
1480 2393 1544 2481 vel
1567 2395 1619 2481 illi
1648 2399 1753 2511 ipsi,
1791 2397 1864 2507 qui
1901 2400 1971 2484 irn-

574 2517 813 2630 perantibus
831 2514 1084 2613 Antoninis,
1110 2541 1182 2599 aut
1198 2512 1322 2629 paulo
1341 2539 1430 2627 post
1448 2514 1624 2623 hymnos
1642 2515 1974 2602 Christianorum

574 2630 779 2730 laudant,
812 2663 893 2720 rem
914 2633 1036 2717 veluti
1052 2632 1134 2745 jam
1150 2632 1304 2746 pridem
1334 2630 1419 2715 lieri
1437 2658 1672 2721 consuetam
1704 2649 1972 2720 attestantur.

578 2754 725 2864 Neque
760 2748 988 2838 ulla'oritur
1005 2749 1217 2834 difficultas
1241 2780 1289 2835 ert
1306 2778 1448 2836 asserta
1471 2749 1698 2864 ignorantia
1732 2752 1973 2868 scriptorum

575 2865 900 2985 Apostolicorum
925 2870 967 2953 in
1000 2870 1188 2954 humanis
1209 2867 1410 2954 scientiis.
1445 2867 1624 2955 Primum
1654 2871 1752 2983 quia
1785 2872 1886 2955 adeo
1916 2896 1974 2958 est

574 3012 746 3072 naturae
765 2988 969 3074 humanae
988 3015 1307 3075 consentaneum
1327 2985 1515 3072 carminis
1533 3014 1658 3074 cantu
1678 2987 1894 3088 delectari,
1926 3013 1974 3076 ut

575 3103 695 3189 etiam
712 3105 864 3193 indocti
884 3107 1009 3219 aliqui
1040 3104 1082 3185 in
1101 3136 1174 3191 sua
1192 3107 1363 3219 quisque
1383 3104 1521 3218 lingua
1553 3134 1691 3193 versus
1718 3105 1813 3191 rudi
1831 3107 1969 3194 saltem

576 3220 757 3307 minerva
775 3221 1017 3310 effundant.
1045 3224 1164 3311 Recte
1183 3226 1223 3308 S.
1244 3222 1560 3335 Chrysost'omus
1575 3224 1647 3339 (2)
1664 3260 1675 3309 ε
1692 3289 1721 3328 ,,
1753 3225 1867 3310 Nihil
1888 3223 1974 3310 ani·

576 3401 607 3441 „
638 3370 744 3425 marn
762 3370 887 3456 aeque
903 3342 1047 3458 erigit.
1069 3402 1110 3424 ..
1140 3369 1186 3429 ut
1214 3369 1353 3431 versus
1370 3338 1629 3444 modulatus,
1662 3345 1849 3434 divinum
1877 3372 1970 3429 can·

572 3498 603 3561 „
631 3458 757 3546 'ticurn
785 3490 958 3547 numero
987 3460 1284 3575 compositum.
1318 3462 1466 3545 Nostra
1512 3483 1614 3545 certe
1649 3487 1798 3548 natura
1838 3489 1969 3573 usque

570 3635 602 3678 „
621 3579 736 3663 adeo
752 3579 970 3665 delectatur
987 3579 1178 3682 canticis,
1205 3607 1243 3666 et
1264 3578 1543 3677 carminibus,
1569 3603 1608 3666 et
1626 3603 1780 3666 tantam
1795 3581 1890 3666 cuni
1910 3578 1967 3666 eis

573 3757 602 3798 „
635 3694 759 3783 habet
791 3697 1155 3797 necessitudinem,
1186 3692 1599 3795 et‘convenientiam,
1632 3723 1679 3783 ut
1709 3697 1774 3787 vel
1794 3694 1968 3784 infantes

572 3877 601 3915 „
622 3815 687 3904 ‚ab
721 3814 916 3902 uberibus
931 3818 1150 3930 pendentes
1168 3879 1182 3917 ,
1202 3815 1233 3901 si
1250 3793 1400 3914 lleant,
1428 3840 1466 3898 et
1485 3810 1725 3900 afflictentur
1744 3878 1759 3916 ,
1777 3813 1971 3900 carmini-

571 3994 599 4035 „
633 3935 710 4038 bus
726 3933 941 4049 sopiantur
960 3998 970 4020 .
986 3996 1021 4017 ..
1054 3939 1143 4020 Hoc
1169 3960 1303 4020 autem
1318 3932 1478 4019 faciunt
1496 3930 1706 4032 mulieres,
1723 3960 1761 4020 et
1771 3931 1973 4035 viatores,

578 4109 606 4146 „
635 4076 674 4136 et
692 4051 920 4167 agricolae,
953 4079 993 4138 et
1020 4080 1168 4138 nautae
1192 4078 1265 4137 etc.
1281 4114 1338 4153 „.
1371 4050 1653 4163 Quamobrem
1689 4052 1773 4137 sine
1794 4050 1874 4135 ulla
1892 4052 1994 4135 du-·
2029 4158 2031 4161 ⁴

579 4161 770 4257 bitatione
791 4172 843 4257 ab
864 4168 1068 4286 aliquibus
1083 4170 1219 4289 primis
1238 4167 1485 4261 Christianis
1500 4167 1619 4261 etiam
1644 4199 1730 4257 non
1748 4169 1975 4261 admodum
2027 4235 2030 4244 .

571 4467 578 4480 .
624 4412 643 4495 (
664 4413 680 4491 )
710 4402 882 4482 Fabricius
908 4395 1077 4507 Bibliog'r.
1097 4414 1224 4506 dntIq.
1286 4410 1456 4523 Graecum
1480 4425 1562 4507 pag.
1583 4432 1663 4501 ¹23·
1683 4431 1771 4523 voce
1787 4406 1959 4498 lychniten

570 4510 1226 4698 tce¹,-auetltletata:
1285 4504 1968 4700 ellehsterteretttae

571 4697 628 4780 tit,
644 4702 858 4793 hymnorum
881 4703 1225 4789 Ecclesiasticotunr,
1290 4704 1370 4775 tit.
1399 4700 1455 4769 De
1488 4704 1618 4792 hymno
1646 4702 1679 4770 S.
1704 4696 1965 4791 Athenogenis,

570 4814 742 4890 quotquot
771 4817 886 4871 extant
905 4849 916 4882 ,
957 4802 1227 4898 antiquissimum
1292 4804 1433 4892 ejusque
1449 4816 1556 4867 aetate
1572 4795 1655 4874 vide
1674 4801 1765 4882 §.u-
1784 4819 1880 4887 n.47.

571 4916 644 4967 esse
662 4897 750 4966 hunc
768 4897 959 4971 Clementis
976 4899 1227 4984 Alexandrini,
1339 4903 1395 4986 (t)
1423 4894 1460 4964 ln
1485 4894 1574 4965 notis
1604 4897 1645 4966 ad
1671 4893 1811 4968 Eusebii
1839 4892 1962 4964 histor.

574 5013 614 5063 ae
633 4994 761 5066 nescire
779 5019 813 5067 se
829 4996 938 5080 dicit,
966 5023 1032 5089 qua
1050 5001 1114 5072 lide
1136 4999 1228 5070 Can·
1287 4994 1386 5069 libs.
1410 5014 1550 5084 cap.17.

575 5086 651 5184 gius
676 5089 710 5167 in
724 5094 927 5191 appendice
954 5097 996 5169 ad
1009 5095 1224 5173 Glossarium
1338 5097 1393 5188 (a)
1424 5088 1883 5184 Homil.inPsalmum41.-
