5084 6234
874 784 879 792 ’
942 805 1571 900 sccssstasrtcrs
1894 817 1958 932 a,

576 947 720 1032 Fideles
736 950 837 1033 viros
852 949 919 1030 sttb
936 949 986 1031 Β.
1004 947 1195 1032 Benedicti
1212 1012 1224 1047 ,
1241 971 1280 1033 et
1307 952 1355 1034 Β.
1369 952 1596 1038 Colutnltnttt‘
1616 953 1850 1038 tumuitus·
1875 956 1955 1040 Re·

572 1069 666 1182 gulo
682 1066 845 1153 victuros
865 1064 1029 1150 maduit
1048 1124 1057 1146 .
1075 1068 1125 1150 Et
1148 1069 1189 1149 iu
1208 1068 1361 1182 Regula
1379 1070 1663 1155 Gauthstudae
1680 1071 1953 1174 abbatissae,

574 1183 742 1298 aliisque
775 1182 1012 1298 Virginibus
1046 1211 1281 1300 nuncupata
1315 1185 1368 1270 ita
1400 1187 1653 1300 loquitur„t
1685 1187 1952 1303 Quamquam

572 1364 602 1402 „
633 1334 707 1389 vos
721 1303 835 1417 juxta
856 1329 1035 1385 normam
1052 1305 1227 1420 Regulae
1243 1366 1257 1404 ,
1273 1332 1367 1391 vasa
1385 1304 1663 1419 pretiosissima
1679 1309 1857 1424 ,egregie
1876 1336 1955 1393 no·-

573 1467 603 1521 ·‚,
632 1421 760 1508 verim
774 1416 953 1530 quotidie
968 1418 1091 1503 vit-am
1109 1422 1287 1521 ducete3
1320 1448 1494 1507 attamen
1521 1424 1696 1532 qualiter
1725 1426 1851 1545 magis
1882 1456 1954 1512 ex·

574 1600 603 1641 „
634 1538 768 1623 cellere
785 1535 983 1633 debeatis,
999 1538 1134 1650 sagaci
1149 1539 1269 1627 vultis
1286 1568 1437 1659 semper
1453 1541 1681 1628 intentione
1699 1543 1953 1659 perquirere.

574 1713 606 1757 ‚,
638 1660 776 1768 Quam
802 1655 854 1737 ob
888 1682 1055 1739 causam
1083 1659 1243 1773 saepius
1274 1658 1372 1743 mihi
1409 1658 1644 1775 injungitis,
1678 1689 1725 1749 ut
1752 1663 1951 1775 explorate

572 1831 606 1877 „
636 1778 679 1857 S.
696 1769 867 1858 Caesetii
900 1773 1129 1859 Arelatensis
1156 1774 1340 1895 Episcopi
1369 1780 1500 1893 tegula
1533 1839 1546 1877 ,
1580 1805 1685 1890 quae
1713 1777 1954 1895 specialibus

575 1955 603 1992 „
638 1890 791 1975 Christi
828 1887 1064 2004 Virginibus
1099 1892 1280 1978 deditam
1314 1918 1399 1991 est,
1430 1925 1612 1980 unacum
1646 1897 1951 1983 Bennmimonnn

578 2073 607 2109 „
636 2006 828 2093 Benedicti
841 2037 1017 2121 quoque,
1049 2036 1086 2092 et
1114 2011 1338 2095 Columbani
1364 2013 1587 2111 Atratum,
1621 2039 1668 2098 ut
1686 2039 1784 2127 puta
1802 2016 1825 2130 (
1837 2040 1883 2099 ut
1897 2016 1952 2099 ita

576 2189 604 2229 „
634 2125 837 2238 dixerim)
854 2126 1022 2212 collectis
1044 2126 1085 2213 in
1115 2156 1246 2213 unum
1265 2128 1434 2214 flosculis
1464 2131 1661 2217 adinstar
1681 2132 1951 2217 Enchiridion

575 2304 606 2347 ,‚
637 2273 842 2359 excerpere
862 2244 976 2331 vobis
992 2246 1078 2344 ‚vel
1093 2275 1328 2340 coacervare
1346 2245 1530 2332 deberem
1546 2277 1620 2334 etc.
1638 2311 1666 2350 ,‚
1686 2310 1697 2333 .
1713 2251 1841 2366 Igitur
1859 2280 1954 2336 curu

575 2369 618 2455 S.
628 2364 823 2447 Donatus
839 2392 995 2477 cnpny.
1007 2364 1133 2450 obiter
1151 2366 1371 2478 hymnorum
1389 2364 1583 2462 meminit,
1601 2365 1882 2480 intelligendus
1897 2390 1955 2451 est

577 2483 627 2565 de
645 2479 714 2562 illis
733 2480 891 2590 hymnis
906 2482 984 2564 esse
1002 2481 1198 2594 loquutus
1209 2508 1338 2596 ,quos
1350 2478 1679 2595 Monialess’uesn
1694 2512 1866 2569 nonnam
1878 2486 1956 2568 Re-

572 2601 690 2719 gulae
705 2597 918 2682 scatent
936 2598 1176 2692 recitabant.
1191 2594 1722 2694 Praetereo‚Mabillonium
1735 2601 1808 2715 (1)
1822 2597 1955 2688 multis

569 2714 819 2831 ‘argumentis
850 2743 990 2800 contra
1007 2714 1305 2800 bollandianos·
1322 2714 1682 2802 demonstrandum
1709 2718 1953 2836 suscepisse,

575 2834 767 2948 Regulam
785 2831 1033 2919 S.Benedicti
1050 2833 1275 2926 Coenobiis
1295 2836 1334 2916 S.
1355 2835 1607 2921 Columbani
1626 2836 1791 2951 aprima
1810 2864 1953 2920 eorum

572 2950 723 3065 origine
742 2950 869 3035 luisse
896 2950 1119 3067 impositam
1134 2951 1252 3037 simul
1289 2981 1382 3036 cum
1399 2955 1438 3041 S.
1456 2951 1706 3039 Columbani
1724 2953 1875 3069 Regula
1896 3013 1907 3035 .

636 3096 731 3179 ¹03·
764 3070 884 3182 Quae
903 3098 999 3156 vero
1016 3070 1160 3154 deinde
1180 3094 1429 3180 consequuta
1447 3098 1541 3156 sunt
1562 3098 1770 3189 tempora,
1804 3072 1856 3155 ita
1871 3068 1954 3153 cla-

573 3215 617 3271 te
637 3185 929 3271 observantiam
948 3192 1240 3275 monachorum
1262 3186 1303 3267 in
1324 3185 1485 3292 hymnis
1502 3189 1764 3274 concinendis
1794 3216 1954 3303 praese·

577 3302 743 3400 ferunt,
774 3330 819 3395 ut
836 3302 879 3387 id
895 3276 1200 3390 confirmatione
1223 3304 1387 3387 minime
1406 3302 1583 3417 indigeat
1603 3369 1614 3388 .
1644 3306 1951 3392 Annotandum

575 3443 807 3519 esttamen,
839 3424 956 3534 quod
974 3424 1076 3519 circa
1092 3453 1233 3518 eorum
1251 3450 1418 3507 cannam
1453 3424 1564 3535 apud
1584 3423 1875 3513 Cluniacenses
1893 3448 1953 3505 te-

573 3562 701 3623 statur
720 3539 937 3624 Uldaricus
955 3542 1026 3655 (α)
1045 3605 1056 3628 .
1077 3577 1106 3643 ·„
1130 3542 1394 3653 Quamquam
1419 3538 1577 3624 illorum
1603 3542 1854 3652 hymnorum
1870 3566 1955 3625 me·

571 3714 603 3755 „
628 3654 769 3755 todia,
794 3658 868 3772 qui
891 3686 1109 3746 cantantur
1135 3658 1176 3741 in
1194 3658 1374 3755 Pascha,
1394 3656 1447 3739 ita
1465 3655 1649 3770 sirplana
1667 3721 1681 3758 ,
1711 3684 1751 3741 et
1783 3658 1825 3738 in
1846 3658 1954 3743 dire*

574 3833 603 3873 ‚,
629 3802 775 3872 etum,
801 3801 839 3861 et
855 3776 896 3864 in
917 3777 1002 3893 ipso
1017 3803 1289 3864 sacrosanctae
1309 3773 1534 3866 dominicae
1552 3772 1870 3863 Resurrectionis
1886 3774 1951 3858 die

578 3952 606 3991 „
637 3924 722 3977 non
755 3893 879 4011 magis
911 3896 1127 3998 solemnis,
1154 3891 1332 4007 quamsi
1363 3890 1481 3974 iidem
1514 3891 1657 4004 hymni
1692 3900 1745 3977 ad
1765 3890 1952 4005 aliquem,

578 4068 608 4107 „
640 4038 684 4094 ut
698 4012 752 4095 ita
772 4014 932 4113 dicam,
947 4016 1149 4130 privatum
1164 4014 1269 4097 diem
1287 4007 1567 4128 pertinerent,
1595 4012 1710 4124 quod
1729 4009 1844 4097 nobis
1870 4010 1953 4093 reli·

576 4184 609 4224 „
640 4154 746 4212 ctum
773 4161 795 4214 a
821 4130 1066 4246 simplicitate
1096 4130 1301 4216 seniorum
1328 4154 1559 4214 nostrorum
1588 4130 1724 4216 adhuc
1758 4128 1810 4213 ita
1839 4153 1954 4211 tene·

531 4337 536 4347 ,
577 4306 607 4344 υ
643 4269 781 4331 tur
807 4252 858 4335 Et
883 4250 1017 4366 siqua
1045 4278 1215 4364 petrona
1235 4272 1337 4332 esset
1369 4244 1543 4349 idonea,
1574 4275 1678 4359 quae
1713 4248 1753 4332 id
1781 4246 1953 4329 Domno

578 4421 624 4463 „.
639 4362 791 4447 Abbati
813 4396 1065 4481 suggereret,
1090 4395 1128 4453 et
1152 4366 1338 4450 suaderet
1360 4425 1373 4462 ‚
1396 4362 1576 4451 fortassis
1610 4366 1816 4451 emendari
1843 4363 1957 4473 jube·

579 4542 607 4583 „
641 4502 743 4578 ret„
765 4541 773 4560 .
807 4483 999 4571 Monachi
1018 4482 1424 4572 ¹Claravallensessub
1454 4487 1494 4568 S.
1514 4486 1710 4568 Bernardi
1743 4478 1954 4591 disciplina

578 4597 620 4680 in
639 4599 890 4707 hymnorum
910 4633 983 4687 usu
1016 4605 1267 4716 aliquantum
1288 4598 1532 4686 acommuni
1563 4599 1754 4683 Ecclesiae
1787 4622 1954 4678 consue·

575 4716 721 4811 jtudine
754 4745 1030 4822 recesserunt,
1061 4726 1100 4807 si
1125 4722 1222 4806 fides
1238 4716 1427 4804 habenda
1461 4714 1511 4800 sit
1543 4717 1657 4800 Petro
1691 4712 1952 4810 abaelardo,

1583 4836 1616 4914 L
1647 4860 1672 4917 2

630 4982 683 5067 (ι)
705 4945 842 5050 Tomis.
856 4978 979 5051 Annal.
996 4976 1172 5051 benedict.
1189 4976 1222 5047 in
1242 4974 1387 5046 Praelat.
1406 5017 1411 5024 ·
1440 4981 1493 5067 (a)
1523 4970 1636 5043 Liba.
1652 4983 1790 5059 (ερας.
