5084 6234
580 867 673 965 sat:
991 800 1509 930 nrnnoorn

577 1102 759 1189 Aelana.
802 1126 839 1211 5.
861 1053 1116 1213 Tyrannus
1130 1102 1400 1193 ursatellitem
1538 1165 1540 1167 -

787 1218 828 1305 ό.
937 1219 1097 1310 Saevire
1132 1220 1282 1306 frustra
1312 1222 1553 1339 conspicit,

935 1338 1224 1426 Constantiam
1240 1337 1443 1428 deflectere

933 1456 1105 1542 Molitur
1122 1482 1203 1541 arte
1220 1459 1393 1546 subdola
1411 1520 1422 1543 .

700 1657 703 1661 .
787 1603 828 1686 7·
892 1570 1151 1691 Orpertinax
1177 1574 1431 1678 immanitas,

779 1692 822 1774 8.
933 1691 1169 1780 Crudelitas
1183 1693 1448 1795 stultissima,

932 1809 1110 1927 Captsre
1127 1811 1293 1925 quaeris
1305 1812 1553 1916 fraudibus,

930 1928 1153 2013 Tormenta
1179 1958 1303 2042 quem
1332 1960 1419 2015 non
1436 1928 1666 2048 fregerant.

873 2045 1051 2138 Emissos
1066 2071 1184 2132 antro
1200 2049 1387 2135 concitus

930 2162 1043 2250 Mitis
1069 2160 1153 2249 Leo
1182 2164 1468 2281 provolvitur,

930 2277 1068 2367 Lictor
1085 2281 1235 2370 refirmt
1246 2346 1264 2385 ‚
1276 2282 1417 2373 indttit

929 2400 1240 2489 Humanitatem
1268 2400 1426 2489 bellua.

764 2544 808 2631 9.
840 2513 982 2602 Vitam
995 2518 1108 2603 decet
1123 2547 1199 2605 nos
1214 2521 1442 2637 integram,

757 2664 823 2718 ιο.
916 2634 1117 2748 Labisque
1134 2666 1283 2753 puram
1295 2638 1463 2757 degere,

752 2781 822 2836 ιι.
913 2752 1390 2867 Erinnocentitdanyri

756 2896 826 2954 12.
917 2864 1070 2967 Offerre
1090 2871 1248 2959 cultum
1263 2874 1515 2992 supplicem.
1557 2941 1559 2950 .

571 3103 777 3198 Dominica
795 3138 837 3223 3.
868 3109 1124 3227 Septembris.
1159 3110 1204 3195 Io
1219 3105 1321 3222 festo
1354 3130 1496 3229 septem
1514 3112 1696 3205 'dolorum
1715 3124 1763 3209 Β.
1787 3119 1961 3237 Virginis
2092 3109 2095 3113 λ

630 3227 785 3321 Mariae
805 3290 816 3312 .
833 3232 1011 3349 Hymnus
1024 3230 1211 3345 mamm
1223 3233 1451 3347 meritas(
1476 3233 1528 3347 ).

572 3468 637 3555 Aa
662 3493 810 3584 vesp:
840 3413 1484 3667 Oquotunltssislacryritarum,
1530 3550 1531 3556 r

926 3584 1413 3794 &scintillata
1457 3778 1469 3805 .

923 3820 1041 3906 Dum
1059 3822 1263 3911 revulsum
1275 3825 1409 3941 stipite

928 3937 1200 4035 Cernituluis
1214 3940 1479 4031 incubantem
1546 4017 1552 4028 .

921 4057 1049 4172 Virgo
1066 4060 1202 4145 Mater
1218 4060 1364 4147 Filium
1384 4066 1396 4147 l

570 4253 689 4317 cantus
717 4240 999 4329 pronuntiabitur
1020 4243 1091 4336 Nil
1105 4292 1116 4313 .
1131 4245 1172 4317 In
1187 4246 1238 4319 nl·
1348 4252 1400 4337 (a)
1427 4242 1596 4319 Officium
1620 4242 1758 4333 'septem
1787 4236 1961 4352 Dolorum

572 4340 833 4429 anastrophe,
862 4339 933 4408 sive
965 4340 1237 4433 in’quatuornl·
1297 4338 1963 4437 B.Virginis.Mariaecommuneesth·

571 4437 664 4512 timis
691 4435 871 4519 versibus,
899 4443 1233 4532 praeterquamquod
1296 4439 1493 4533 spaniseum
1506 4435 1961 4527 Germania‚alirsquelocis‚

569 4559 688 4608 versus
719 4557 826 4606 nonus
865 4557 930 4606 non
963 4554 1124 4617 constat,
1151 4560 1233 4609 cum
1296 4537 1535 4610 celebrandum
1552 4538 1686 4614 martin.
1703 4535 1962 4644 pseptembris.

567 4632 737 4705 secundus
755 4656 812 4724 pes
845 4633 889 4706 sit
917 4637 1133 4722 spondaeus,
1160 4660 1234 4706 sen·
1296 4635 1430 4730 Hymni
1451 4637 1646 4728 deprompti
1678 4652 1759 4705 sunt
1779 4632 1960 4741 ²¹i⁰ffif¹¹⁸

571 4753 645 4803 sum
681 4753 747 4800 non
779 4734 859 4804 satis
885 4732 1041 4825 intelligo
1070 4759 1082 4817 ;
1115 4732 1234 4824 proin·
1297 4734 1444 4826 propriis
1458 4734 1604 4806 Ordinis
1617 4735 1803 4805 Servorum
1819 4728 1960 4837 blattae,

571 4830 684 4924 deque
713 4849 834 4900 novam
873 4831 1039 4911 condidi,
1066 4855 1179 4925 neque
1193 4852 1236 4903 ta·
1297 4835 1419 4925 quibus
1465 4838 1546 4905 haec
1581 4829 1747 4904 festivitas
1790 4844 1960 4934 ungerem

571 4949 695 5002 mena
731 4947 857 5010 sensu,
892 4953 993 5021 quem
1021 4932 1159 5006 subesse
1176 4954 1235 5003 su·
1295 4932 1428 5004 debet.
1469 4933 1508 5003 ln
1539 4929 1652 5021 primo
1693 4929 1821 5018 hymno
1849 4942 1964 5033 omnia

574 5025 724 5122 spieon
749 5022 850 5119 louge
875 5029 1024 5099 recessi.
1220 5077 1223 5085 ·
1296 5028 1482 5103 bellissime
1509 5031 1721 5099 decurrunt.
1751 5020 1858 5118 Qsod
1874 5040 1963 5099 earm
