5084 6234
477 925 1606 1177 ΑΡΡΕΝΒΙΧ
1685 809 1850 1150 1³⁶³

535 1293 815 1434 Propanisus
845 1328 1019 1399 novum
1041 1289 1235 1397 Festum
1268 1288 1322 1393 in
1352 1282 1490 1424 officio
1519 1283 1817 1400 ecclesiastico

635 1434 984 1569 Hispaniarum
1007 1427 1348 1535 instituendum
1367 1429 1700 1538 Conversioais

674 1572 834 1714 gentis
865 1568 1123 1680 Gothorum
1153 1568 1212 1670 ab
1243 1566 1418 1672 haeresi
1446 1569 1645 1676 Ariana

782 1711 836 1814 in
865 1701 1073 1830 Concilio
1084 1703 1183 1813 III.
1203 1701 1433 1815 Toletano
1454 1709 1477 1842 (
1506 1705 1561 1836 ).

1091 1960 1148 2084 s.
1182 1961 1212 2045 ι.

476 2180 539 2263 De
555 2177 666 2265 Festo
681 2176 716 2264 C
714 2171 1168 2264 onoersionisGotlrorum
1184 2168 1416 2256 instituendo
1434 2232 1445 2255 .
1462 2166 1532 2255 Aa
1549 2170 1863 2272 illustrissimum,

734 2312 774 2380 et
792 2288 1154 2379 Reverendissimum
1185 2290 1219 2376 C
1218 2290 1336 2373 lerum
1362 2287 1611 2406 Hispanum.

473 2536 563 2749 Si
593 2669 798 2765 quantum
827 2634 1081 2764 splendoris,
1120 2641 1408 2764 dignitatisque
1431 2669 1582 2733 vestrae
1607 2708 1621 2748 ,
1649 2643 1868 2732 illustrissi-

475 2768 529 2855 mi
564 2827 579 2867 ,
612 2795 652 2856 et
671 2764 1006 2856 Reverendissimi
1040 2764 1455 2879 Domini,cupidum
1486 2793 1549 2849 me
1575 2831 1589 2869 ,
1620 2764 1872 2853 studiosum·

476 2917 559 3000 que
577 2917 658 2974 esse
688 2885 819 2973 sentio
837 2948 850 2986 ,
868 2915 915 2971 ac
933 2909 1034 3005 prae
1059 2913 1123 2971 me
1149 2884 1236 2971 lero
1252 2949 1266 2987 ,
1282 2909 1393 2969 tanta
1425 2884 1768 2999 praeditusessem
1800 2889 1873 2970 au't
1911 2957 1915 2964 .

373 3027 377 3034 ’
475 3005 664 3095 facultate
714 3003 757 3085 in
807 3004 1087 3115 eloquendo,
1139 3029 1212 3089 aut
1259 3001 1497 3088 auctoritate
1528 3003 1582 3085 'in
1606 2999 1873 3121 'persuaden-

476 3122 533 3208 do
564 3185 579 3224 ,
609 3119 774 3209 minime
810 3119 1081 3225 dubitarem,
1109 3121 1213 3238 quin
1245 3119 1451 3239 proposita
1484 3120 1601 3239 vobis
1632 3118 1736 3207 novi
1769 3116 1873 3209 Festi

1463 3240 1614 3325 Zza

529 3409 580 3493 (a)
609 3402 700 3474 Cum
729 3400 764 3472 in
790 3424 974 3498 congressu
991 3404 1140 3496 quodam
1201 3401 1283 3473 teris
1300 3401 1481 3483 omnibus,
1498 3422 1569 3474 tum
1588 3401 1670 3473 mihi
1684 3392 1872 3476 admodum

479 3500 641 3575 familiari
671 3503 714 3572 de
750 3501 851 3572 rebus
881 3500 1142 3581 ecclesiasticis,
1202 3501 1313 3572 arrisit
1329 3526 1340 3585 3
1357 3521 1418 3582 et,
1444 3520 1481 3571 ut
1498 3504 1718 3572 commodum
1746 3498 1875 3573 taneio

479 3598 1145 3692 etfestisHispanorompropriissermo
1205 3598 1414 3695 hymnodiae
1440 3596 1688 3670 ecclesiasticae
1702 3595 1878 3691 Hispanae

481 3696 679 3780 incidisset,
695 3699 737 3768 cl.
757 3696 906 3768 Thomas
920 3695 1057 3779 Belou,
1085 3693 1146 3789 qui
1207 3697 1477 3791 recognitionem
1507 3697 1744 3768 incumbebam
1763 3707 1883 3794 ‚Ap-¹

481 3799 624 3879 aderat,
649 3795 815 3877 asseruit,
847 3794 967 3888 pietati
983 3793 1148 3868 maimo·
1204 3798 1378 3895 perdicem
1395 3799 1461 3867 hoc
1480 3792 1558 3866 loco
1584 3794 1731 3878 adiicere
1745 3795 1777 3868 in
1801 3792 1896 3878 ani·¹

481 3918 564 3989 pere
580 3911 839 3967 consentaneum
856 3893 956 3976 fore,
983 3912 1023 3966 ut
1038 3893 1071 3965 in
1086 3892 1149 3966 Ec·
1209 3920 1303 3968 mum
1322 3894 1464 3976 induxi,
1480 3896 1576 3975 cuius
1591 3893 1623 3964 in
1633 3894 1745 3990 primo
1758 3891 1881 3984 §.Clo

483 3994 595 4064 clesiis
611 3992 820 4085 Hispaniae,
848 4016 935 4085 quae
964 3991 1065 4065 etiam
1092 3990 1148 4063 vi·
1209 4017 1250 4066 ro
1267 3991 1483 4087 Hispanico,
1502 3997 1599 4076 cuius
1615 3991 1779 4077 interest,
1799 3993 1882 4086 pro·

483 4092 610 4163 storias
640 4087 851 4161 nonnullasa
880 4091 1007 4162 Mauris
1024 4090 1146 4162 relatas
1208 4092 1337 4165 babiles
1368 4113 1477 4164 novae
1509 4088 1732 4165 institutionis
1762 4111 1880 4163 causas

482 4187 662 4282 quotannis
676 4186 872 4271 celebrant,
912 4187 1080 4263 festivitas
1094 4211 1148 4260 so-
1209 4214 1402 4283 exponam,
1430 4192 1465 4261 in
1479 4190 1586 4261 altero
1600 4188 1632 4261 in
1649 4190 1698 4262 rei
1725 4192 1879 4273 eiusdem

484 4285 605 4359 lemnio
640 4284 899 4368 institueretur,
925 4312 992 4381 qua
1019 4309 1152 4362 memo·
1209 4288 1505 4363 confirmationem
1529 4290 1694 4363 adducam
1711 4290 1880 4383 integram

482 4387 531 4459 ria
545 4386 776 4455 conversionis
804 4385 987 4460 Gothorum
1004 4385 1149 4459 celebri·
1209 4388 1442 4472 Orationem,
1471 4412 1539 4484 qua
1551 4388 1587 4459 S.
1605 4390 1759 4462 Leander
1784 4383 1882 4480 genti

482 4502 552 4557 tate
584 4481 808 4554 anniversaria
836 4502 1051 4571 recurreret3
1078 4484 1150 4558 exi·
1208 4512 1289 4562 suae
1316 4489 1486 4583 gratulans
1519 4486 1729 4580 praeclarum
1750 4475 1885 4558 bened·-¹

483 4605 573 4657 stere
601 4604 663 4674 pro
681 4583 781 4661 huius
797 4581 877 4652 novi
892 4584 996 4657 officii
1024 4582 1149 4657 lectio·
1212 4589 1303 4661 cium
1321 4614 1339 4659 a
1354 4585 1434 4657 Deo
1449 4601 1629 4677 acceptum
1650 4599 1820 4667 exornat,
1845 4597 1882 4658 et

485 4683 583 4753 nibus
604 4679 762 4772 propriis
790 4680 890 4750 valde
917 4699 1149 4774 opportunam
1212 4688 1252 4758 ad
1271 4685 1450 4779 gaudium,
1465 4681 1719 4775 solemnemque
1738 4678 1884 4755 eelebti·

483 4778 866 4851 S.Leandriilomiliam
884 4779 915 4850 in
933 4780 1037 4872 tertio
1056 4782 1153 4853 Con·
1212 4801 1317 4855 tatem
1364 4782 1512 4863 invitat,
1542 4782 1576 4851 in
1604 4781 1702 4853 tertio
1734 4780 1884 4873 denique

484 4876 566 4947 cilio
582 4878 747 4951 Toletano
765 4878 953 4953 recitatam.
969 4880 1064 4952 Haec
1076 4901 1155 4952 eru·
1215 4883 1357 4963 missae,
1385 4898 1419 4952 et
1433 4878 1562 4962 officii,
1591 4884 1684 4976 quod
1702 4879 1789 4977 eligi·
1800 4900 1883 4975 pos·

484 4974 642 5052 ditissimi
658 4977 792 5064 iuvenis
814 4979 980 5078 cogitatio
996 5002 1076 5055 eum
1092 5002 1151 5053 ce·
1213 4998 1265 5056 set
1278 5029 1290 5068 ,
1305 4980 1480 5078 specimen
1495 4982 1708 5056 adumbrabo
1724 5025 1736 5053 .
1844 5053 1847 5060 .
