5084 6234
834 816 1476 910 ECCLESIASTICIS
1788 814 1847 927 85

991 1119 999 1130 *
1033 1080 1069 1199 ᾗ.
1115 1083 1255 1170 XIX.

823 1312 930 1399 Novi
940 1317 1160 1431 hymnorum
1175 1316 1462 1438 impugnatores
1478 1379 1489 1403 .

476 1590 573 1674 105.
591 1495 776 1646 Verum
788 1552 830 1637 in
850 1580 976 1642 cantu
991 1555 1278 1658 ecclesiastico,
1310 1558 1385 1643 nisi
1404 1559 1590 1675 Episcopi
1611 1558 1847 1675 invigilent,

467 1682 582 1767 facile
599 1705 683 1779 est,
710 1701 756 1762 ut
774 1675 1017 1792 corruptelae
1037 1675 1213 1790 irrepant
1228 1739 1242 1778 ,
1277 1701 1416 1761 contra
1433 1707 1536 1788 quas
1550 1676 1662 1764 licuit
1678 1677 1846 1795 semper,
1962 1690 1964 1694 ’

468 1799 681 1911 licebitque
700 1794 919 1879 declamare
941 1855 951 1877 .
987 1796 1065 1879 Sed
1083 1795 1259 1905 hymnos
1277 1794 1552 1881 ecclesiasticos
1586 1822 1676 1913 post
1692 1823 1848 1885 tantam
1907 1842 1912 1851 ·

471 1914 543 2002 SS.
562 1920 753 2011 Parrum,
783 1934 822 1996 et
838 1910 1104 1999 Ecclesiarum'
1132 1912 1439 1997 consensionem
1472 1942 1545 1998 cur
1566 1914 1691 2025 aliqui
1708 1916 1848 2030 explo-

475 2034 627 2120 dendos
652 2029 913 2130 censuerint,
941 2029 1091 2115 nullam
1110 2031 1230 2118 video
1245 2059 1323 2115 esse
1341 2059 1506 2116 causam
1523 2031 1741 2118 idoneam.
1767 2033 1849 2118 Ca·

474 2160 622 2238 nonem
640 2147 819 2238 Consilii
850 2149 1067 2234 Laodiceni
1097 2151 1143 2232 de
1166 2148 1356 2264 priuatis,
1381 2170 1418 2232 et
1435 2150 1668 2265 vulgaribus
1692 2152 1850 2267 psalmis

472 2269 684 2383 rejiciendis
702 2297 822 2383 supra
854 2266 1146 2354 exhibuimus.
1173 2265 1410 2352 Concilium
1440 2269 1764 2382 Carthaginense
1785 2270 1852 2352 ΙΙΙ.

472 2388 716 2475 celebratum
729 2411 784 2470 est
817 2385 922 2471 circa
942 2412 1122 2500 tempora
1138 2383 1301 2483 Siricii,
1327 2384 1444 2498 cujus
1487 2382 1552 2466 hic
1572 2414 1708 2469 canon
1741 2385 1854 2469 ordi-

478 2532 531 2589 ne
547 2533 618 2620 47.
637 2503 938 2612 circumfertur:
955 2506 1045 2589 lrem
1056 2504 1233 2617 placuit,
1262 2522 1309 2587 ut
1330 2532 1484 2615 praeter
1502 2502 1709 2617 scripturas
1739 2532 1857 2589 cano-

473 2622 580 2708 nicas
595 2622 693 2709 nihil
704 2623 745 2706 in
760 2623 927 2708 Ecclesia
952 2625 1101 2740 legatur
1131 2625 1200 2707 sub
1219 2621 1370 2706 nomine
1399 2622 1612 2707 divinarum
1637 2621 1858 2735 Scriptura-

472 2770 556 2824 ram
577 2803 636 2858 ·,··
661 2739 790 2823 liceat
810 2740 920 2823 eriam
938 2741 1014 2857 legi
1035 2740 1228 2826 Passiones
1243 2745 1461 2854 Martyrum
1482 2804 1495 2840 ,
1530 2767 1624 2821 cum
1636 2739 1859 2826 anniversa-

474 2858 523 2942 rii
539 2887 668 2944 eoram
685 2857 765 2941 dies
800 2858 1059 2942 celebrantur.
1096 2857 1336 2942 Haeduinus
1360 2881 1502 2971 putat,
1528 2855 1640 2941 hunc
1658 2886 1859 2946 canonem

476 2969 677 3091 pertinere
710 2974 764 3057 ad
796 2973 1539 3090 caput24.(}onciliiCarthaginensis
1569 2972 1751 3060 celebrati
1781 2979 1859 3064 sub

340 3159 352 3178 .
477 3092 720 3194 Bonifacio,
753 3092 870 3209 cujus
886 3093 931 3180 fir
943 3092 985 3175 in
1004 3123 1051 3177 eo
1068 3092 1248 3194 mentio,
1274 3118 1362 3210 post
1377 3090 1666 3178 duodecimum
1683 3093 1858 3179 Honorii

481 3208 766 3310 consulatum,
796 3234 834 3297 et
866 3235 1055 3298 octavum
1096 3209 1345 3297 Theodosii.
1379 3210 1690 3324 Cuiuscumque
1724 3235 1859 3298 tamen

483 3325 659 3411 Consilii
677 3330 834 3415 dicatur
850 3357 928 3412 esse
946 3328 1172 3443 praedictus
1186 3358 1319 3419 canon
1336 3355 1348 3429 3
1364 3357 1485 3413 usum
1503 3332 1750 3440 hymnorum
1771 3358 1858 3415 non

478 3443 607 3547 tollit,
640 3475 732 3532 cum
756 3447 799 3530 hi
816 3476 901 3529 non
920 3446 1102 3561 legantur
1138 3450 1207 3532 sub
1223 3449 1372 3531 nomine
1401 3446 1615 3531 divinarum
1638 3446 1860 3560 Scriptura-

431 3603 434 3608 ·
479 3593 597 3649 rum.
629 3565 757 3652 Immo
772 3594 866 3651 cum
885 3564 1108 3663 concedat,
1141 3565 1608 3676 Passioneshlartyrum
1637 3562 1679 3644 in
1699 3563 1860 3650 ecclesia

480 3679 587 3800 legi,
617 3712 736 3769 eccur
752 3685 949 3796 hymnos,
975 3681 1127 3795 quibus
1150 3682 1389 3781 Passiones,
1411 3705 1450 3765 et
1475 3680 1668 3791 triumphi
1698 3682 1862 3793 Marty-

479 3829 572 3888 rum
590 3801 872 3903 celebrantur,
904 3804 1057 3916 legere,
1080 3823 1118 3886 et
1133 3826 1278 3884 canere
1293 3827 1377 3882 non
1394 3794 1623 3913 permittet?

470 3960 482 3973 ·
542 3919 637 4005 106.
671 3918 836 4007 Cercius
851 3921 991 4006 contra
1007 3918 1233 4003 carminum
1260 3914 1610 4002 ecclesiasticorum
1640 3917 1863 4004 observan-

389 4107 394 4116 .
414 4059 424 4069 ·
481 4034 577 4120 riam
595 4037 796 4151 profertur
816 4067 950 4123 canon
972 4055 1037 4122 12.
1054 4034 1234 4121 Concilii
1251 4034 1503 4120 Bracarensis
1519 4064 1631 4122 anno
1649 4032 1745 4145 561.
1759 4034 1863 4119 cele-

482 4151 615 4252 brari:
633 4165 662 4256 ,‘,
691 4158 787 4243 ltem
817 4156 998 4272 placuit,
1030 4179 1077 4239 ut
1103 4182 1213 4244 extra
1246 4152 1445 4270 psalmos,
1477 4152 1538 4241 vel
1571 4152 1864 4239 canonicarum

468 4289 512 4368 ,2
545 4270 839 4383 Scripturarum
872 4274 999 4376 novi,
1032 4299 1070 4358 et
1102 4271 1243 4362 veteris
1259 4271 1480 4358 testamenti
1495 4272 1591 4357 nihil
1597 4274 1741 4390 poetice
1756 4300 1863 4357 eom·

469 4440 509 4488 ·„
533 4388 700 4503 positum
730 4394 771 4476 in
804 4393 965 4479 ecclesia
999 4392 1216 4509 psallatur;
1245 4389 1349 4479 sicut
1383 4418 1422 4478 et
1453 4391 1580 4476 sancti
1607 4388 1865 4504 praecipiunt

380 4573 385 4582 .
472 4543 508 4606 ·,‚
541 4508 821 4610 Canones„.
869 4509 986 4622 Quid
1021 4509 1217 4596 clarius?
1265 4508 1542 4593 Nihilominus
1588 4514 1631 4591 P.
1662 4503 1863 4591 Henricus

470 4621 618 4709 :Florez
633 4624 708 4740 (r)
735 4626 777 4708 in
798 4626 1042 4743 Cajetanum
1073 4627 1209 4713 Cenni
1229 4624 1466 4721 invehitur,
1492 4624 1606 4734 quod
1623 4622 1862 4723 asseruerit,

476 4737 721 4831 'Concilium
735 4748 976 4834 Bracarense
994 4747 1168 4860 hymnos
1186 4746 1412 4861 reprobasse
1431 4802 1445 4840 ,
1473 4741 1725 4827 vehementer
1743 4736 1870 4835 mira·-⁸

530 5003 547 5091 l
567 5008 607 5095 15
629 5002 727 5078 Tom.
745 5023 779 5096 3.
805 5001 990 5100 Hispaniae
1018 5003 1138 5079 Sacrae
1155 5002 1305 5074 Dissert.
1321 5017 1354 5075 t·
1371 5017 1482 5090 cap.3.
