5084 6234
689 793 775 905 ns
1074 807 1227 898 'os
1287 808 1640 902 nuituis

690 1023 720 1066 „
753 956 884 1075 accipe
903 942 968 1042 ζ’..
997 951 1240 1043 Canebatur
1259 981 1359 1042 tunc
1391 954 1574 1041 officium
1593 955 1718 1062 illud,
1754 955 1851 1075 qtto'
1868 949 1929 1047 me
1946 952 2081 1048 offam

692 1113 721 1182 ς,
753 1108 844 1163 sum
883 1074 925 1157 in
954 1074 1205 1161 Praefatione
1224 1104 1314 1160 sum
1335 1099 1527 1163 testatus.
1565 1074 1703 1191 anue
1732 1074 1812 1164 fuit
1843 1108 1993 1178 causa,
2026 1104 2114 1173 ut.

690 1257 720 1301 „
754 1223 909 1281 nouum
935 1195 1016 1310 ipse
1036 1192 1253 1278 conderem
1271 1254 1331 1295 ‚,.
1363 1194 1424 1277 Eo
1444 1219 1579 1278 autem
1607 1194 1797 1283 libentius
1827 1197 2076 1315 diligentiam

691 1311 881 1404 Resendii
901 1310 1157 1410 commendo,
1173 1315 1289 1423 quod
1318 1310 1458 1427 ipsein
1487 1338 1533 1393 ea
1551 1314 1713 1430 epistola
1732 1313 1934 1431 Hispanos
1950 1314 2077 1404 incre·
2194 1374 2197 1379 -

691 1460 785 1553 pat,
801 1430 917 1546 quod
931 1460 1073 1517 eorum
1091 1428 1262 1543 quidam
1279 1454 1544 1517 contemnant
1557 1432 1775 1518 Lusitanos
1790 1432 1861 1548 (a)
1877 1435 1953 1522 .Et
1968 1464 2078 1550 quo-

691 1553 804 1641 niam
834 1580 922 1637 mea
941 1547 1175 1634 laudatione
1208 1579 1330 1637 nemo
1359 1548 1583 1665 permoveri
1600 1549 1748 1651 debet,
1777 1552 1890 1638 addo
1912 1546 2080 1641 alterum

691 1671 920 1788 Hispanum
935 1666 1085 1785 ,cujus
1102 1694 1171 1751 ore
1198 1668 1391 1757 celebrari
1408 1666 1489 1757 sive
1508 1692 1671 1785 propter
1686 1667 1976 1780 eloquentiam,
1992 1669 2077 1762 sive

688 1812 1059 1910 proptermagnam
1092 1784 1268 1872 nominis
1295 1787 1630 1876 existimationem
1650 1787 1835 1876 Lusitani
1854 1816 1941 1875 non
1959 1785 2078 1874 dedi·-
2163 1825 2170 1838 ,

688 1908 896 2028 gnentur,
924 1907 997 1990 Per
1030 1902 1219 1991 inianum
1231 1904 1379 1991 scilicet
1393 1903 1468 2023 (1)
1485 1969 1495 1991 .
1511 1969 1540 2008 „
1560 1906 1754 1995 Precandi
1770 1907 1922 2007 ritum,
1951 1933 2097 2022 quem.

688 2085 718 2129 ‚,
749 2024 929 2110 officium
943 1937 1068 2140 vulgo
1083 2047 1263 2126 vocant,
1293 2023 1448 2111 Lucius
1465 2023 1661 2112 Andreas
1677 2026 1904 2117 Resendt'us
1919 2024 1983 2117 vir
1999 2053 2078 2144 ap-

687 2182 716 2247 ,·,
748 2140 874 2260 prime
893 2144 1040 2231 doctus
1056 2139 1279 2263 prudenter
1296 2144 1541 2261 composuit,
1557 2172 1701 2261 genere
1717 2146 1902 2261 quodam
1917 2143 2076 2232 orario-

664 2332 667 2337 ,
685 2322 715 2365 „
748 2261 812 2345 nis
835 2260 891 2346 ad
922 2257 1119 2346 Ecclesiae
1136 2262 1477 2379 consuetudinem
1495 2264 1835 2369 accommodato„
1847 2264 1941 2382 (lt).
1958 2264 2072 2350 Haec

687 2375 959 2496 Perpinianus
976 2378 1026 2463 de
1058 2374 1197 2463 officio
1226 2374 1273 2465 S.
1289 2380 1540 2483 Elisabetae,
1570 2383 1686 2497 quod
1701 2385 1927 2473 Resendius
1941 2378 2073 2469 multo

581 2514 584 2521 ’
686 2522 783 2583 ante
801 2517 1112 2617 composuerat,
1144 2524 1271 2609 quam
1291 2502 1468 2587 Romani
1486 2500 1698 2588 Pontifices
1711 2500 2073 2603 reformationem,

566 2677 570 2694 .
685 2642 760 2703 acu
776 2615 1070 2704 restitutionem
1089 2611 1378 2723 absolvissent,
1413 2621 1464 2704 de
1478 2648 1561 2733 qua
1587 2618 1746 2704 dudum
1762 2621 2069 2734 cogitaverant.

685 2733 875 2855 Hymnos
891 2732 935 2822 8.
950 2727 1230 2824 Gundisalvia
1248 2736 1586 2827 Resendiotuisse
1600 2738 1827 2829 elaboratos
1842 2741 1960 2828 docet
1973 2737 2074 2821 Bar·

1965 2855 2071 2946 bota

734 3027 788 3117 (a)
801 3072 825 3109 ‚,
851 3022 1021 3120 Amplaar
1043 3069 1055 3104 ‚
1081 3022 1217 3120 rateque
1243 3017 1344 3116 diffa-
1403 3021 1586 3121 Stephanus
1627 3020 1847 3093 namnetica
1873 3064 1885 3089 .
1919 3016 2070 3090 Vincen-

682 3144 756 3199 srtrrr
782 3135 915 3195 vestras
942 3121 1053 3215 geratis
1084 3136 1133 3193 est
1162 3121 1342 3289 inferiatur
1403 3120 1472 3193 tius
1500 3121 1646 3194 Ximeno
1674 3133 1797 3192 auctor
1827 3112 2069 3190 Bibliothecae

682 3218 1206 3321 (Quebedumalloquitur),ur
1228 3240 1341 3317 esque,
1401 3220 1641 3303 valentinae,
1670 3220 1768 3302 cuius
1794 3213 1869 3286 aliis
1897 3218 1932 3287 in
1964 3214 2066 3289 rebus

682 3337 819 3509 onyas
835 3316 998 3415 Hispania
1011 3324 1078 3397 est,
1094 3316 1340 3400 celeberrimae,
1398 3319 1475 3399 iure
1489 3318 1645 3390 laudatur
1665 3314 1877 3409 diligentia,
1903 3314 1969 3387 hoc
1987 3312 2070 3388 Per·

682 3441 725 3494 ar
764 3432 891 3490 orrares
907 3463 925 3500 s
945 3415 1136 3514 passimque
1161 3414 1340 3487 memoriae
1401 3413 1532 3507 piniani
1542 3438 1630 3505 opus
1653 3437 1719 3486 non
1733 3410 1968 3493 viderat.Nam
1983 3433 2064 3485 ctam

683 3516 809 3598 vereris
851 3536 903 3587 res
931 3513 1068 3608 cognita
1099 3512 1339 3608 dignissimae,
1399 3514 1483 3585 haec
1508 3511 1617 3586 editio
1642 3540 1661 3585 a
1691 3510 1774 3583 Nic.
1813 3507 1964 3582 Antonio
1993 3531 2063 3580 noo

686 3613 825 3689 arnulli
836 3612 1248 3699 terraruminur'dereisre
1258 3628 1339 3711 pos·
1380 3611 1536 3707 ,quidem
1556 3613 1715 3684 omnibus
1734 3607 1804 3681 suis
1829 3606 1920 3680 veris
1943 3603 2061 3689 notis,

683 3712 783 3785 siris.
805 3719 879 3782 Hoc
896 3731 1097 3807 quamquam
1113 3712 1162 3783 ita
1178 3726 1249 3793 est,
1279 3733 1340 3785 ue·
1396 3712 1456 3783 sed
1474 3728 1585 3783 tamen
1606 3710 1688 3783 satis
1717 3706 1876 3779 distincte
1891 3721 1981 3778 esset
2001 3727 2067 3778 ex·

685 3824 806 3882 stratas
824 3811 960 3907 quitiam
986 3813 1095 3880 urscia
1136 3832 1179 3882 rto
1202 3810 1337 3895 livore,
1398 3831 1536 3902 pressa,
1551 3808 1717 3882 Ximenus
1729 3819 1987 3904 rom.1.p.t45.
2014 3799 2065 3875 ti·

686 3909 868 4006 rcapotiss
893 3831 1140 4004 quonateood
1158 3910 1258 4003 graio
1288 3910 1340 3981 irs-
1397 3905 1509 3980 tulum
1527 3930 1571 3978 ex
1597 3906 1679 3979 Nic.
1706 3901 1859 3975 Antonio
1887 3918 2063 3976 mutuatus

684 4006 800 4078 arincn
827 4005 968 4079 rasitata
986 4005 1148 4100 angulatur
1177 4008 1263 4078 lianc
1281 4028 1339 4077 ao·
1396 4002 1601 4100 subjungite
1620 3999 1742 4095 Radere
1765 4010 1809 4071 D.
1823 3999 1970 4091 Nitrias
1987 4009 2067 4073 Aa·

687 4119 794 4177 rtrum
809 4152 820 4187 ,
838 4127 877 4175 ac
892 4102 1199 4198 l’orrsgallialara,
1217 4119 1254 4176 rra
1266 4127 1339 4175 cort·
1397 4103 1489 4175 rosio
1503 4117 1573 4174 esra
1589 4100 1669 4173 obra
1686 4122 1779 4171 como
1794 4097 1932 4171 iistiara
1959 4101 1999 4171 ‹te
2014 4098 2068 4172 las

687 4203 837 4299 temptam
865 4198 1061 4299 appellant,
1085 4223 1150 4274 noa
1167 4205 1265 4275 turdo
1289 4201 1339 4274 la·
1402 4202 1579 4273 oraciones
1611 4201 1710 4272 dela.
1732 4219 1790 4289 3..
1805 4196 1932 4271 Tribus‘
1954 4196 2067 4271 Libris

689 4316 848 4383 cessant,
876 4319 994 4372 verum
1015 4301 1115 4371 eriam
1139 4297 1294 4387 fastidire
1306 4323 1341 4374 sr
1402 4316 1535 4373 constat
1550 4323 1588 4369 ea
1602 4298 1755 4370 Historia
1771 4322 1788 4367 a
1803 4296 1914 4369 tribus
1938 4293 2065 4370 oratio·

690 4400 890 4474 ostendant.
1404 4398 1503 4472 nibus
1517 4397 1549 4469 in
1566 4396 1700 4470 laudem
1724 4396 1759 4467 8.
1774 4394 1961 4468 Elisabetae
1974 4389 2066 4467 laabi-

691 4547 694 4552 n
740 4506 800 4590 (t)
827 4495 944 4589 Liba.
960 4494 1052 4569 vitae
1069 4494 1103 4568 S.
1120 4494 1342 4585 Elisabetaea
1404 4495 1450 4570 tis
1477 4495 1612 4590 penitus
1639 4495 1830 4572 distincta.
1862 4490 1920 4565 Cl-
1940 4491 2064 4563 Petrus

694 4657 698 4662 .
740 4594 792 4687 (b)
819 4594 1019 4683 Prodiitlos
1039 4595 1342 4685 PetrlPerpiniani
1405 4581 2064 4689 Laazerilocuplletioremoperuml’er·
2185 4665 2189 4672 ,

694 4702 744 4764 Dr
758 4696 863 4776 vita,
888 4710 921 4766 et
937 4690 1084 4771 moribus
1097 4703 1136 4766 B.
1153 4696 1344 4772 Elisaistae
1404 4691 1528 4789 piniani
1555 4694 1740 4767 editionem
1777 4682 1983 4770 adomarit3
2004 4682 2065 4756 ⁸²5

694 4792 886 4864 Lusitaniae
913 4794 1058 4887 Reginae
1080 4796 1232 4884 Historia
1250 4795 1354 4870 cata,
1403 4816 1491 4889 quae
1507 4794 1618 4867 adhuc
1636 4785 1752 4885 augeri
1768 4800 1882 4875 posset
1902 4806 1946 4854 tx
1963 4780 2067 4857 MSS·

694 4890 771 4963 arae
782 4890 998 4986 agrippinae
1009 4893 1195 4990 sumptibus
1206 4901 1345 4967 asma·
1402 4891 1608 4974 maianus,
1633 4910 1720 4985 quos
1740 4881 1823 4955 mihi
1852 4882 1971 4955 ridere
1988 4900 2067 4955 coa

698 4990 733 5064 di
750 4985 928 5063 Gralrbsri
943 4989 1086 5075 1⁴609.irr
1099 4992 1133 5061 8.
1148 4991 1344 5066 &carebat
1402 4987 1506 5086 tigit.
