5084 6234
465 856 472 871 ’
587 838 673 955 378
993 831 1568 926 CONVERSIO

592 968 1064 1101 per-'toturnmundum
1095 976 1299 1080 Ecclesia,
1335 1008 1473 1068 sancta
1504 981 1696 1097 possessio
1707 981 1816 1084 ¹gille
1852 985 1974 1099 igitur

593 1122 750 1217 caput,
780 1120 821 1183 et
839 1097 917 1181 ista
943 1118 1116 1213 corpus,
1157 1096 1207 1179 de
1223 1098 1375 1210 quibus
1392 1101 1433 1183 in
1449 1100 1651 1217 principio
1685 1102 1854 1186 Genesis
1869 1104 1974 1187 dici·

593 1244 662 1306 tur
677 1214 778 1330 (1):
799 1218 923 1300 qunr
935 1213 1016 1298 duo
1047 1212 1088 1297 in
1103 1244 1218 1299 corne
1238 1248 1345 1317 uno;
1378 1219 1728 1335 quodApostolus
1744 1219 1786 1302 in
1803 1218 1971 1306 Christo

599 1334 785 1453 intelligit
803 1399 816 1436 ,
850 1330 944 1423 etin
961 1332 1121 1419 ecclesia
1138 1332 1212 1446 (2)
1230 1396 1240 1416 .
1271 1335 1388 1420 Dum
1403 1366 1497 1452 ergo
1513 1368 1562 1423 ex
1581 1338 1775 1425 omnibus
1789 1338 1978 1455 gentibus

600 1481 729 1541 unam
750 1453 840 1546 vult
856 1448 1046 1541 Christus
1062 1452 1208 1536 habere
1223 1453 1470 1556 Ecclesiam,
1498 1457 1747 1570 quicumque
1763 1483 1979 1556 extraneus

596 1597 656 1662 est
674 1575 726 1663 ab
743 1603 790 1663 ea
815 1636 829 1679 ,
855 1572 945 1687 litet
969 1566 1136 1653 Christi
1159 1572 1325 1657 nomine
1343 1600 1635 1691 nuncupetur,
1667 1575 1824 1661 Christi
1840 1566 1973 1662 rameii

592 1692 775 1806 corporis
792 1708 983 1807 compage
1002 1714 1092 1771 non·
1108 1690 1341 1777 continetur
1361 1754 1372 1776 .
1397 1692 1581 1778 Haeresis
1595 1693 1730 1793 enim,
1767 1720 1874 1801 quae
1906 1718 1976 1776 re-

592 1812 703 1927 spuit
731 1809 950 1901 catholicae
987 1806 1183 1893 Ecclesiae
1216 1808 1416 1898 unitatem
1448 1874 1463 1914 ,
1502 1841 1552 1896 eo
1582 1813 1696 1927 quod
1719 1810 1969 1897 vadulterino

591 1956 727 2048 amore
744 1929 880 2046 diligat
896 1923 1144 2025 Christum,
1175 1955 1261 2012 non
1278 1932 1449 2032 uxoris,
1480 1929 1550 2014 sed
1583 1929 1838 2022 concubinae
1863 1926 1972 2014 obti-
2008 1975 2010 1978 ·

592 2073 661 2135 net
675 2047 837 2136 locum.
858 2043 1073 2165 Quoniam
1090 2070 1225 2133 revera
1239 2048 1463 2154 duosdieit
1474 2047 1677 2163 Scriptura
1694 2049 1832 2134 esseio
1849 2075 1971 2133 carne

591 2191 711 2263 una,
740 2160 929 2257 videlicet
957 2160 1201 2264 Christum,
1233 2192 1274 2252 et
1300 2158 1545 2267 Ecclesiam
1576 2196 1661 2279 quo
1686 2168 1822 2251 locum
1841 2195 1972 2251 mete·

593 2283 672 2376 trix
691 2282 851 2374 nullum
864 2281 1021 2378 invenit
1052 2282 1325 2400 tettium(3):
1358 2288 1446 2372 Uno
1461 2286 1659 2387 ettenim,
1691 2285 1746 2371 ait
1764 2284 1972 2385 Christus,

588 2431 712 2492 amico
742 2431 857 2505 meo,
886 2426 963 2494 utro
980 2430 1035 2487 esr
1048 2428 1317 2514 spontaneo,
1349 2435 1428 2490 uno
1442 2429 1504 2488 ert
1537 2403 1734 2520 genitricis
1750 2400 1969 2518 tuoeftlio.
2108 2469 2112 2474 .

589 2524 652 2607 De
670 2551 756 2641 quo
775 2522 870 2615 item
883 2517 1027 2639 eadem
1041 2517 1214 2609 Ecclesia
1230 2522 1508 2638 pronunciat,
1541 2520 1681 2610 dicens
1698 2557 1709 2608 r
1727 2525 1817 2639 Ego
1834 2522 1972 2605 dilecto

497 2654 500 2659 ’
586 2658 709 2743 ‘mro,
738 2666 776 2727 et
803 2642 966 2736 dilectus
975 2665 1060 2724 tneo
1095 2638 1220 2726 milit

647 2787 670 2845 ,1
679 2783 720 2845 n.
739 2751 956 2879 Quaerant
972 2671 1321 2858 nuniltnereseea
1336 2785 1424 2871 quo
1439 2758 1831 2874 constuprentur,vel
1845 2757 1970 2875 cujus

528 2941 534 2965 .
585 2866 1127 2995 sintptostibuiun'l'aetae,
1158 2875 1358 2989 quoniam
1374 2879 1428 2965 ab
1442 2874 1699 2962 immaculato
1715 2902 1805 2962 toro
1835 2906 1966 2962 reces-
2053 2964 2061 2983 ,

584 3022 729 3088 serunt
743 2994 923 3085 Christi:
942 3024 964 3081 a
982 3024 1068 3108 quo
1078 3017 1236 3111 quanto
1245 2992 1460 3109 pretiosam
1471 3022 1553 3081 esse
1569 2993 1761 3084 novimus
1774 2993 1966 3112 copulam

586 3113 822 3216 charitatis,
852 3136 968 3201 tanto
983 3111 1122 3202 Deum
1137 3113 1213 3199 hac
1232 3111 1456 3202 celebritate
1470 3113 1706 3215 laudemus,
1739 3115 1856 3229 quod
1868 3135 1967 3230 gen·

586 3256 645 3322 tes
663 3291 680 3331 ,
709 3258 786 3362 pro
796 3230 948 3346 quibus
962 3231 1127 3346 sanguis
1141 3229 1259 3317 fusus
1275 3258 1332 3317 est
1341 3232 1551 3350 Unigeniti
1567 3234 1735 3335 sui,non
1750 3262 1892 3349 passus
1903 3259 1963 3319 est

585 3373 699 3437 extra
715 3368 851 3437 unum
867 3348 970 3440 ovile
1002 3346 1168 3439 Diaboli
1184 3348 1378 3437 dentibus
1392 3351 1578 3440 devorari
1595 3410 1607 3433 .
1651 3355 1807 3467 Lugeat
1841 3350 1966 3466 igitur

582 3464 821 3558 veternosus
848 3467 1000 3585 praedo
1032 3464 1371 3589 suampraedam
1403 3468 1608 3571 amisisse,
1629 3468 1729 3581 quia
1760 3468 1969 3583 impletum

464 3675 468 3682 ,
582 3582 798 3687 videmus,
824 3585 942 3700 quod
968 3586 1167 3703 Propheta
1184 3584 1437 3677 vaticinante
1464 3586 1792 3701 audivimus(4)
1807 3621 1820 3671 ε
1836 3584 1964 3698 Equi-

580 3704 697 3806 dem,
729 3703 894 3820 inquit,
919 3705 1015 3793 loeo
1028 3706 1051 3824 (
1054 3703 1105 3818 5)
1115 3707 1318 3824 captivitas
1334 3735 1362 3792 o
1384 3703 1488 3815 forti
1502 3707 1648 3793 tollitur
1675 3705 1780 3821 (6),
1818 3729 1855 3789 et
1870 3704 1975 3816 quod

582 3822 751 3915 aliatum
765 3822 932 3942 hotot,
960 3854 986 3913 ct
1015 3829 1167 3917 robusto
1196 3822 1484 3938 snhoturffi).
1523 3823 1719 3910 Parietem
1748 3821 1859 3908 enim
1887 3818 1971 3905 dis-

577 3942 740 4032 cordiae
756 4008 773 4046 ,
788 3936 1205 4063 quem'labricaterat
1219 3941 1455 4043 Diabolus,
1478 3972 1560 4063 pax
1578 3941 1734 4031 Christi
1748 3937 1963 4040 destruxit,

484 4135 492 4155 r
579 4085 620 4150 et
635 4060 805 4161 domus,
833 4092 942 4183 quae
964 4059 1163 4154 divisione
1183 4063 1227 4151 in
1247 4062 1631 4151 mutuamcertabar
1646 4059 1845 4160 caedem,
1872 4088 1965 4145 uno

578 4175 664 4299 lam
682 4176 864 4272 Christo
884 4178 1026 4299 lapide
1061 4178 1545 4297 angularieonlungitur
1579 4238 1592 4263 .
1636 4178 1836 4266 Dicamus
1869 4206 1967 4294 ergo

579 4321 752 4391 omnes:
784 4296 915 4389 Gloria
927 4300 968 4388 tit
981 4299 1146 4390 excelsis
1161 4304 1279 4404 Deo,
1307 4325 1346 4386 er
1361 4298 1404 4385 in
1423 4323 1525 4385 terro
1548 4327 1640 4414 potr
1661 4300 1874 4387 hominibus
1893 4298 1965 4382 bo·

578 4417 897 4511 messuariis.
932 4417 1108 4532 Nullum
1121 4419 1232 4511 enirn
1244 4416 1471 4542 praemium
1502 4417 1692 4508 charitati
1719 4445 1961 4537 compensa-

578 4557 646 4626 tur
663 4566 695 4640 ,s
706 4540 806 4628 inde
819 4534 935 4629 omni
950 4538 1109 4654 gaudio
1123 4535 1557 4659 praeponitur,quiaet
1568 4538 1743 4626 charitas
1758 4540 1864 4624 facta
1882 4557 1959 4635 est,

579 4665 686 4775 quae
704 4656 891 4748 omnium
903 4656 1103 4751 virtutum
1115 4657 1272 4752 obtinet
1286 4656 1584 4783 principatum.
1601 4660 1791 4781 Superest
1806 4677 1958 4754 autem,

599 4811 801 4935 ltl'C‘iith.
824 4843 1084 4938 [2)ΑᾴΕρὴ.ς.
1109 4851 1166 4938 (3)
1181 4825 1324 4919 Canto.
1372 4855 1426 4939 (ς)
1452 4850 1498 4919 Er
1521 4842 1612 4916 aliar

604 4946 658 5034 (4)
684 4927 999 5033 Era-49'AE‘snii.
1019 4943 1316 5039 Rom.9.Pet.1.
1366 4950 1420 5038 (6)
1447 4942 1632 5015 Tolletur.
1657 4930 1767 5002 aliar.

570 5036 835 5115 iuditia·-
1135 5091 1169 5099 --
1205 5101 1248 5121 .,
1327 5032 1669 5145 rosunum.
1696 5048 1775 5103 exc.
