5084 6234
802 691 806 716 '
878 723 1537 830 ecetnssns‘rtcrs
1810 755 1897 847 159

496 871 702 992 hymnum
716 867 884 960 excribit
898 870 1048 988 Porng.
1065 870 1222 958 Prosus.
1244 872 1392 957 Bortom
1412 899 1497 987 cop.
1515 895 1554 982 5.
1570 868 1671 988 Reg.
1689 896 1763 971 2.‚
1793 897 1834 966 et
1849 872 1897 960 its·

499 991 729 1111 exemplum
747 988 962 1106 elegantiae
980 987 1175 1092 adducit;
1193 1013 1301 1076 errat
1315 1015 1448 1076 tamen
1466 1027 1484 1088 ‚·
1505 989 1623 1105 quod
1649 987 1777 1077 Boetii
1795 1018 1895 1080 eum

503 1138 585 1201 esse
603 1111 725 1200 dicit.
1886 1191 1891 1200 .

498 1217 631 1322 Nullis
646 1263 682 1317 re
701 1229 856 1319 Genitor
871 1225 1060 1313 blandiciis
1073 1225 1189 1316 trahit
1209 1228 1238 1330 ,l
1257 1225 1336 1314 Die
1374 1257 1440 1345 13.
1460 1228 1613 1350 Aprilis
1647 1228 1703 1316 ad
1725 1226 1895 1319 matuti-

499 1379 602 1461 num
623 1415 635 1439 .
668 1348 829 1441 Urbani
844 1347 954 1432 Vlll.
970 1376 1018 1436 ert
1036 1345 1123 1461 ejus
1141 1346 1361 1466 operibus.

502 1527 532 1574 ‚‚
551 1478 671 1561 Nunc
685 1497 811 1581 sancte
827 1464 935 1550 nobis
949 1465 1144 1584 Spiritus.
1177 1467 1247 1556 Ad
1266 1470 1451 1561 tertiam.
1470 1469 1745 1585 Hincmsrusy
1761 1491 1800 1556 et
1815 1466 1898 1582 hy-
1986 1500 1993 1511 ·
2014 1485 2021 1493 ·

496 1592 706 1678 mnarium
737 1585 1076 1697 Ven.'Thomasii
1105 1588 1164 1682 8.,
1182 1586 1403 1677 Ambrosio
1441 1590 1556 1677 hunc
1585 1591 1790 1700 hymnum
1822 1586 1898 1674 tri·

498 1712 660 1801 buunt.
687 1706 876 1794 Editores
890 1704 1213 1822 congregationis
1230 1710 1270 1792 S.
1291 1710 1434 1796 Mauri
1450 1734 1681 1826 repugnant
1697 1706 1906 1798 levissima.

500 1828 657 1932 ratione
674 1825 842 1945 permoti
860 1889 874 1927 ,
902 1825 1020 1936 quod
1038 1824 1141 1910 alius
1153 1822 1205 1911 sit
1218 1827 1259 1912 S.
1277 1823 1484 1917 Ambrosii
1515 1829 1695 1940 hymnus
1709 1856 1785 1944 pro
1801 1829 1909 1915 hore.

501 1948 639 2049 tertio,
660 1945 780 2061 quasi
800 1946 864 2034 hic
880 1945 1065 2059 hymnus
1082 1946 1306 2033 necessario
1322 1946 1419 2033 olim
1444 1947 1537 2032 horn
1551 1945 1664 2033 tersia
1686 1972 1787 2034 esser
1800 1976 1897 2035 can·

500 2066 683 2171 sendus,
714 2091 901 2153 autnon
932 2062 1109 2183 potuerit
1140 2065 1182 2150 S.
1200 2062 1445 2155 Ambrosius
1474 2064 1580 2152 duos
1607 2067 1785 2182 hymnos
1816 2094 1895 2184 pro

501 2187 738 2282 rodemhore
763 2183 988 2271 conficere.
1877 2257 1882 2264 .

501 2303 720 2392 OGlorioso
752 2302 948 2423 virginum
984 2364 995 2386 .
1019 2299 1118 2387 olim
1134 2363 1148 2404 ,
1164 2300 1207 2388 O
1224 2302 1410 2391 Gloriosa
1433 2301 1649 2388 Domina.
1682 2303 1729 2387 ln
1764 2302 1900 2390 officio

498 2449 629 2538 parvo
653 2425 699 2509 Β.
726 2423 884 2509 Mariae
910 2421 1091 2541 Virginis
1114 2420 1169 2506 ad
1192 2418 1335 2512 laudes
1367 2484 1379 2509 .
1411 2420 1635 2510 Cornelius
1668 2423 1896 2511 fortunato

503 2536 739 2632 ad'udicat.

502 2570 818 2777 Obitnisfeliae,
834 2662 1030 2781 meritique
1043 2659 1136 2749 celsi
1149 2721 1160 2747 .
1180 2658 1262 2747 Die
1274 2688 1343 2779 24.
1354 2660 1469 2761 lunii
1485 2659 1540 2752 ad
1555 2657 1807 2783 laudenpars
1819 2664 1910 2775 hy·

502 2776 587 2863 mni
600 2842 620 2883 ,.
637 2781 691 2869 Ur
705 2802 848 2901 queunt
862 2782 965 2871 ineis
981 2845 993 2870 .

501 2895 539 2983 0
555 2901 616 2987 sol
629 2901 770 2989 salutis
783 2897 931 2988 intimis
949 2965 957 2986 .
979 2901 1087 3001 olim,
1103 2903 1193 3000 lam
1208 2901 1373 2991 Christe
1386 2901 1446 2990 sol
1456 2899 1632 3022 justitiae
1647 2957 1658 2983 .
1677 2900 1907 2990 Dominicu'

502 3011 547 3100 in
579 3016 885 3140 quadragesima
902 3020 955 3108 ad
978 3019 1150 3109 laudes.
1782 3058 1789 3074 ’

503 3133 639 3223 Osolo
655 3169 885 3260 magnorum
917 3139 1067 3229 urbium
1088 3201 1102 3226 .
1132 3143 1178 3227 ln
1198 3135 1431 3259 Epiphania
1450 3137 1623 3226 Domini
1653 3138 1708 3228 ad
1725 3137 1867 3230 laudes
1886 3198 1904 3228 .

503 3252 601 3346 Pars
617 3281 676 3343 est
693 3258 837 3372 hymni
856 3258 1064 3348 Prudentii
1083 3316 1094 3341 .

506 3370 635 3494 Opes,
654 3378 841 3498 decusque
854 3377 1003 3500 regium
1020 3379 1253 3496 reliqueras.
1282 3375 1364 3463 Die
1382 3377 1426 3464 8.
1438 3380 1457 3476 J
1462 3375 1533 3463 ulii
1548 3375 1603 3462 ad
1617 3374 1779 3465 laudes.
1811 3377 1901 3465 Au·

504 3492 591 3579 ctor
605 3520 664 3583 est
679 3500 875 3589 Urbanus
889 3498 997 3583 Vlll.
1018 3498 1170 3616 exejus
1187 3496 1379 3617 operibus
1397 3559 1408 3581 .

501 3605 634 3732 Pange
648 3615 784 3737 lingon
796 3614 960 3737 gloriosi
971 3667 994 3683 ·
1008 3616 1211 3732 Corporis.
1232 3620 1283 3701 ln
1304 3614 1404 3701 festo
1436 3616 1504 3701 SS.
1521 3612 1719 3731 Corporis
1738 3613 1896 3703 Christi

504 3727 754 3853 advesperas
776 3796 787 3821 .
822 3735 980 3825 Auctor
994 3739 1035 3823 S.
1056 3735 1266 3825 Thomas.
1865 3755 1867 3760 ’

565 3850 618 3935 18
622 3879 660 3966 5.
691 3855 825 3974 Pange
837 3851 974 3973 lingua
992 3854 1154 3976 gloriosi
1166 3905 1189 3924 -
1203 3859 1423 3945 Lourcurn.
1454 3848 1678 3940 Dominics
1692 3851 1898 3941 Passionis

501 3963 558 4065 Nl
571 3973 820 4063 matutinum
836 3975 935 4095 (n).

521 4155 608 4260 ⁸(s)
633 4149 1168 4249 venantiusFortunstussplu·
1224 4155 1337 4230 linaris
1377 4155 1616 4228 Arvernorum
1651 4151 1812 4247 Episcopi
1845 4152 1890 4224 sd

512 4245 598 4317 nbus
614 4257 844 4338 suetothuius
858 4256 977 4347 hymni
994 4258 1165 4337 habetur,
1224 4252 1456 4328 Claudianum
1475 4252 1687 4326 Mamercum
1709 4250 1890 4324 scribentis
1998 4290 2003 4300 ·

518 4344 599 4427 nius
616 4342 707 4418 inter
737 4374 841 4441 opera
866 4372 956 4426 extat
976 4402 987 4425 .
1016 4354 1054 4425 ld
1074 4369 1168 4425 renes
1224 4353 1324 4452 lih4.
1339 4354 1471 4454 epist.3.
1489 4361 1539 4423 De
1553 4351 1674 4445 hymno
1688 4366 1745 4421 ttto
1758 4348 1789 4417 si
1808 4358 1890 4441 pee-

523 4437 676 4525 libicos.
704 4444 780 4520 sive
795 4450 1009 4525 Alchuvinus
1036 4451 1068 4522 in
1090 4449 1167 4544 Offi-
1225 4470 1386 4537 scetere,
1415 4451 1497 4547 quid
1517 4451 1688 4529 sensiam,
1715 4444 1890 4516 commeti-

530 4538 561 4610 'is
582 4556 646 4639 per
658 4539 795 4631 ferias.
819 4548 995 4624 Adhaeret
1024 4556 1166 4646 hymns·
1226 4578 1283 4627 esse
1304 4566 1379 4634 est,
1409 4548 1584 4645 copiosus,
1611 4545 1740 4623 deltis,
1769 4542 1892 4624 etates.

538 4659 589 4712 tm
606 4638 1166 4722 Card.Thotnssii.ContrsClau·
1225 4666 1258 4724 es
1293 4645 1460 4750 quoslibet
1501 4644 1623 4738 lyricos
1667 4639 1895 4735 dithyrambos
1967 4668 1968 4672 ¹

544 4757 603 4810 too
626 4738 805 4821 Mamerco
820 4748 1029 4843 Presbytero
1060 4747 1164 4818 Vien-
1224 4749 1425 4823 amoenitate
1435 4744 1593 4841 poetica,
1610 4758 1643 4813 et
1657 4740 1818 4813 historica
1829 4762 1894 4811 ue·

551 4832 593 4908 tsi
610 4839 774 4918 siseribit
788 4847 916 4918 Savsro
939 4848 1164 4934 interpretans
1223 4843 1589 4941 eitesesuperesriner.
1611 4841 1663 4913 lts
1679 4839 1781 4913 eriam
1800 4835 1895 4921 indi·

558 4934 624 5009 lm
639 4939 771 5038 hymno
786 4945 894 5023 verbs
906 4944 1036 5021 Sidonii
1056 4943 1166 5040 Apol·
1225 4964 1281 5021 ess
1297 4942 1498 5020 Sirmosdus
1510 4946 1553 5016 sd
1566 4939 1653 5016 hesse
1682 4934 1896 5044 lps'stsiffl
