5084 6234
704 805 786 900 &4
1121 771 1661 870 HYMNOD1A

938 917 1113 1019 Virtus,
1137 917 1301 1019 honor,
1333 919 1448 1020 lous,
1470 918 1598 1035 gloria

1058 1039 1147 1121 Deo
1181 1035 1288 1120 Patri
1319 1066 1414 1123 cum
1444 1037 1572 1137 filio,

1053 1156 1201 1240 Sancto
1224 1153 1346 1238 simul
1374 1154 1569 1264 Paraclito

1057 1273 1105 1357 ln
1132 1272 1362 1359 seculorum
1385 1268 1551 1356 seculo.

699 1509 776 1600 Die
796 1509 883 1625 '3o.
904 1504 1152 1591 Decembris.
1181 1503 1229 1591 ln
1252 1499 1359 1616 festo
1375 1503 1654 1592 Tmnslrtionir
1686 1504 1731 1591 S.
1743 1506 1877 1605 Jocoln'
1902 1509 2088 1629 Apostoli
2128 1587 2140 1600 .

755 1625 1035 1743 Hispaniarum
1065 1623 1221 1711 Patroni
1255 1686 1266 1709 .
1296 1626 1475 1742 Hymnus
1504 1621 1688 1742 antiquus
1715 1627 1770 1715 ud
1797 1631 2087 1725 commodiorem

759 1743 1050 1835 modulationem
1077 1744 1250 1834 reductus
1278 1741 1378 1855 (o).

696 1977 764 2071 'Ad
782 2010 882 2099 vesp.
928 2010 966 2064 1.
1000 1932 1194 2067 Vindex
1227 1979 1331 2069 Iberi
1365 1982 1573 2084 nominis,

926 2125 967 2186 2.
1057 2098 1233 2201 lacobe,
1260 2123 1387 2187 terror
1420 2099 1627 2205 hostium,
1669 2198 1672 2203 ,

1055 2212 1250 2304 Tonitrui
1284 2245 1407 2331 quem
1439 2218 1568 2306 filium

1055 2332 1136 2417 Dei
1165 2336 1327 2424 vocavit
1353 2335 1503 2423 lilius.

922 2482 963 2566 3.
996 2456 1091 2539 Huc
1122 2451 1266 2537 lucidis
1293 2483 1317 2536 a
1340 2453 1507 2541 sedibus

1055 2569 1262 2657 Converte
1293 2568 1429 2657 dexter
1458 2571 1646 2676 lumina,'

1053 2683 1255 2795 Audique
1288 2686 1377 2773 laeti
1411 2689 1567 2776 debitat

1027 2801 1195 2887 'Grates
1225 2802 1297 2888 tibi
1334 2831 1438 2911 quas
1472 2805 1689 2894 solvimus.

992 2915 1133 3006 Grates
1161 2920 1278 3007 refert
1306 2920 1533 3036 Hispania,

1055 3035 1161 3125 Felix
1195 3063 1269 3126 tuo
1300 3068 1406 3154 quae
1442 3039 1607 3127 nomine

1055 3154 1114 3241 Te
1146 3156 1342 3272 gloriatur
1372 3155 1518 3274 jugiter

1057 3271 1235 3384 Dignata
1268 3274 1389 3358 sacris
1419 3276 1605 3362 ossibus.

920 3410 961 3500 4.
992 3383 1063 3470 Tu
1086 3412 1203 3471 caeca
1232 3415 1344 3488 nox,
1369 3412 1410 3474 et
1424 3388 1546 3506 impia

1055 3506 1144 3591 Nos
1175 3531 1270 3591 cum
1299 3530 1451 3595 teneret
1477 3505 1668 3614 vanitas,

1052 3624 1205 3711 Lucem
1233 3623 1371 3714 salutis
1405 3624 1592 3743 primitus

1056 3739 1151 3829 Oris
1178 3742 1303 3831 lberis
1331 3742 1546 3859 impetras.

992 3858 1061 3950 Tu
1091 3860 1191 3950 bella
1220 3891 1316 3951 cum
1336 3890 1411 3948 nos
1434 3864 1664 3982 cingerent,

702 4074 960 4156 rethuiusmodi
987 4076 1273 4163 antiphonarum.
1298 4080 1360 4149 Fe·
1419 4082 1494 4160 tia,
1522 4097 1556 4150 et
1585 4077 1719 4171 poetica
1744 4072 1904 4147 facultate
1935 4072 2075 4158 elatus,

699 4184 790 4243 stum
824 4171 1080 4263 Expeetmionis
1114 4193 1229 4265 partus
1249 4176 1290 4246 u.
1309 4177 1359 4247 Μ.
1418 4194 1603 4247 auctorest
1618 4174 1795 4267 utriusque
1810 4172 1931 4267 hymni
1962 4176 2073 4245 adve·

702 4265 856 4362 Virginis
872 4317 883 4350 ,
899 4272 1037 4361 eiusque
1053 4271 1204 4344 officium
1219 4273 1358 4364 Grego·
1418 4297 1531 4366 speras
1548 4320 1559 4354 ,
1574 4290 1608 4345 et
1627 4267 1818 4363 laudes,qui
1840 4270 1927 4343 inter
1945 4271 2076 4361 reliqua

700 4366 979 4439 riuslllll.anno
1006 4382 1111 4457 1573.
1124 4370 1359 4460 approbavit.
1418 4372 1490 4452 eius
1504 4385 1685 4463 poemata,
1715 4387 1751 4441 et
1779 4371 1924 4463 hymnos
1951 4367 2079 4459 legitur

702 4465 753 4540 Ex
767 4464 905 4538 indulto
916 4460 1106 4536 Clementis
1121 4463 1163 4534 ll.
1182 4481 1359 4537 extensum
1418 4467 1479 4538 lib.
1496 4489 1530 4537 α.
1540 4481 1579 4564 p.
1599 4466 1880 4558 107.voluminis
1895 4459 2045 4553 inseripti
2062 4486 2076 4529 e

701 4578 752 4630 est
764 4564 806 4633 ad
818 4562 977 4659 Belgium
993 4610 1006 4647 ‚
1023 4584 1110 4634 anno
1132 4565 1236 4650 1695.
1250 4565 1290 4633 ad
1306 4580 1358 4634 to·
1419 4565 1588 4635 francisci
1600 4566 1715 4637 tenete·
1728 4574 1760 4636 S.
1774 4573 1805 4638 1.
1819 4562 2007 4636 carnem
2023 4553 2080 4624 ll·

701 4670 772 4727 tum
788 4660 975 4735 dominium
1007 4660 1172 4733 Venetum
1192 4682 1359 4753 propaga·
1418 4659 1471 4731 bri
1486 4678 1653 4758 quatuor.
1682 4660 1905 4755 Romaeaptrrl
1917 4648 2073 4763 loculum

702 4768 775 4824 tum
794 4774 871 4839 est,
903 4776 936 4830 et
952 4782 994 4832 ex
1010 4761 1151 4832 decreto
1177 4757 1356 4831 Benedicti
1422 4764 1614 4834 romerium
1639 4780 1743 4851 1590.
1758 4761 1792 4827 in
1807 4759 1842 4825 8.
1855 4752 2074 4843 elegantiss-

701 4841 801 4924 1111.
820 4855 861 4922 ad
875 4869 998 4929 statum
1012 4855 1234 4929 Pontificium
1250 4904 1261 4927 .
1421 4858 1467 4933 mi
1482 4879 1559 4931 sunt
1572 4859 1605 4932 hi
1619 4860 1689 4930 duo
1703 4852 1819 4948 hymni
1835 4874 1846 4931 ς
1872 4850 1929 4917 sed
1945 4867 2022 4956 eum
2039 4845 2074 4916 in

743 4954 805 5048 (a)
829 4948 1026 5024 Francireut
1043 4954 1217 5037 Beoeios,
1241 4973 1362 5030 orato·
1420 4959 1486 5032 hoe
1500 4957 1685 5035 carminum
1699 4967 1822 5046 genere
1837 4958 1984 5019 untaut
2005 4942 2075 5019 ele·
