5084 6234
952 798 1589 889 ECCLESlASTIClS
1905 812 1956 896 81

589 1001 619 1047 ,‚
646 972 767 1030 mnus
784 946 894 1042 :Jnrn
910 946 1032 1060 surgit
1050 949 1139 1029 horo
1157 946 1265 1028 tertia
1279 949 1380 1038 ‚Jnrn
1396 973 1502 1028 sexto
1521 946 1655 1029 sensim
1673 947 1862 1033 uoluitur:
1887 956 1961 1037 Ter

583 1117 614 1168 „
643 1068 734 1151 horu
752 1062 852 1146 rrirro
883 1064 1069 1145 uoluitur.
1089 1063 1165 1147 Hic
1191 1092 1246 1146 err
1258 1064 1337 1146 dies
1352 1091 1460 1145 verus
1475 1064 1551 1145 Dei
1572 1125 1582 1146 .
1599 1069 1789 1173 Hymnus
1805 1068 1858 1150 ad
1872 1072 1958 1183 pria

582 1245 609 1284 „
639 1213 724 1267 mos
741 1204 991 1263 nocturnos:
1026 1183 1186 1263 Acerrae
1199 1210 1323 1263 rerum
1343 1179 1513 1263 conditor
1529 1212 1538 1262 :
1558 1182 1611 1262 ad
1625 1183 1823 1268 secundos
1839 1221 1849 1269 :
1865 1192 1957 1274 Mo-

547 1326 553 1342 ·
579 1362 613 1403 „
640 1332 723 1420 grta
739 1360 751 1396 ,
766 1326 804 1379 er
815 1295 1001 1380 mirabilia
1019 1319 1088 1381 etc.
1105 1355 1155 1397 „.
1943 1359 1953 1370 -

641 1449 713 1531 99.
745 1417 785 1499 8.
806 1412 978 1497 Isidorus
995 1415 1067 1525 (1)
1086 1449 1141 1515 „t
1174 1414 1220 1494 ln
1246 1412 1481 1529 vespertinis
1499 1440 1632 1499 autem
1656 1417 1795 1506 officiis
1823 1420 1954 1538 primo

576 1528 935 1640 „lucernarium
966 1530 1111 1615 deinde
1142 1528 1279 1648 psalmi
1313 1532 1424 1630 duo,
1458 1535 1756 1647 responsorium
1792 1570 1954 1643 unum,

581 1717 611 1755 „
644 1656 848 1765 hymnus,
880 1673 999 1759 atque
1019 1650 1150 1737 oratio
1165 1648 1335 1733 dicenda
1350 1675 1406 1733 est
1421 1711 1448 1749 „
1472 1710 1482 1731 .
1509 1651 1644 1762 Quem
1662 1654 1705 1736 S.
1726 1655 1863 1741 lsidori
1894 1659 1956 1743 lo-

580 1801 675 1856 cum
705 1764 953 1850 doctissimus
983 1769 1163 1853 Martene
1196 1796 1290 1852 curn
1313 1797 1419 1850 nurn.
1439 1798 1513 1880 70·
1543 1769 1792 1885 allegaverit,
1834 1776 1957 1863 vehe-

581 1912 732 1972 menter
750 1883 903 1981 miror,
921 1913 994 1967 cut
1015 1916 1122 1969 rrum.
1142 1916 1210 2001 39.
1230 1883 1406 1997 ejusdem
1422 1885 1560 1998 capitis
1592 1889 1828 2004 scripserit„
1845 1927 1856 1976 r
1887 1890 1954 1977 De

577 2066 607 2105 „
636 2006 884 2117 hymnorum
900 2031 979 2086 usu
997 2003 1109 2117 apud
1124 2029 1271 2093 veteres
1287 2003 1510 2086 monachos
1529 2003 1630 2086 nihil
1653 2006 1766 2121 apud
1786 2008 1953 2096 Cassia·-

581 2154 611 2223 ,·,
644 2117 766 2220 nurn,
782 2115 957 2230 aliasque
975 2121 1229 2205 orientalium
1248 2122 1410 2202 Parrum
1434 2120 1633 2236 Regulus,
1670 2126 1740 2207 sed
1757 2154 1890 2236 neque
1911 2126 1954 2211 in

581 2301 612 2341 ‚,
643 2239 791 2351 Regula
812 2234 951 2317 incerti
986 2240 1159 2324 auctoris
1175 2240 1253 2324 sub
1270 2236 1432 2319 nomine
1458 2242 1496 2321 S.
1517 2240 1744 2354 Augusti-ni
1762 2244 1955 2357 vulgata,

576 2420 607 2474 v
641 2383 774 2469 neque
796 2354 837 2434 in
856 2354 1003 2466 Regula
1029 2357 1070 2438 8.
1087 2354 1364 2449 Columbani,
1396 2354 1439 2435 S.
1459 2356 1623 2455 Isidori,
1652 2360 1691 2439 S.
1712 2362 1923 2445 Fructuosi
1939 2423 1969 2463 „

576 2533 609 2578 „
642 2471 820 2589 Magistri
837 2533 850 2571 ,
869 2470 1020 2558 Donati
1037 2472 1295 2588 ,Cujusdarn
1312 2472 1365 2555 ad
1377 2473 1598 2557 monachos
1612 2534 1640 2573 „
1658 2536 1669 2556 .
1686 2478 1784 2557 Non
1801 2501 1857 2560 est
1877 2507 1954 2563 au-

575 2620 656 2681 tem
671 2590 735 2675 hic
752 2588 859 2673 solus
874 2586 984 2676 locus
999 2653 1013 2690 ,
1031 2621 1114 2703 quo
1134 2590 1289 2705 Regula
1320 2590 1360 2672 S.
1382 2590 1520 2674 lsidori
1552 2592 1728 2703 hymnos
1759 2592 1955 2699 ordina13

578 2740 674 2794 nam
696 2708 738 2791 in
753 2706 894 2790 eadem
910 2708 1060 2824 Regula
1075 2709 1266 2794 statuitur
1285 2706 1387 2823 (2),
1407 2709 1521 2820 quod
1537 2769 1564 2810 „
1589 2709 1631 2791 in
1650 2708 1794 2810 tertia,
1812 2738 1920 2798 sexta
1937 2776 1953 2816 ‚

579 2889 608 2929 „
626 2835 676 2913 'et
700 2854 810 2911 nona
854 2847 931 2908 tres
958 2824 1096 2939 psahni
1129 2826 1289 2910 dicendi
1306 2850 1432 2925 sunt,
1465 2826 1760 2942 responsorium
1793 2858 1955 2933 unum,

575 3008 604 3049 „
634 2944 821 3031 lectiones
836 2970 885 3025 ex
903 2942 1026 3028 veteri
1046 3006 1060 3042 ,
1084 2972 1272 3057 novoque
1290 2968 1522 3029 testamento
1543 2945 1650 3027 duae
1670 2975 1681 3027 ε
1700 2944 1844 3031 deinde
1862 2947 1956 3033 lau·

575 3119 606 3165 „
633 3063 733 3163 des,
750 3065 914 3175 hymnus
930 3121 943 3158 ,
963 3087 1082 3173 atque
1101 3062 1275 3161 oratio„
1297 3120 1307 3142 .
1339 3065 1425 3144 Nec
1460 3060 1637 3146 dubitari
1655 3063 1704 3145 de
1736 3059 1780 3146 S.
1799 3062 1951 3151 Isidoro

578 3206 709 3295 posset
728 3238 742 3277 ,
759 3181 860 3295 quin
888 3178 1063 3289 hymnos
1077 3178 1354 3264 ecclesiasticos
1372 3176 1617 3265 adamaverit
1631 3238 1645 3276 ,
1661 3208 1754 3266 cum
1773 3182 1957 3296 praefue-

585 3296 667 3395 rit,
698 3324 866 3412 parsque
902 3296 1073 3380 maxima
1107 3296 1230 3380 luerit
1256 3294 1433 3381 Concilii
1453 3298 1522 3379 Ν.
1545 3293 1759 3396 Toletani,
1792 3298 1834 3379 in
1867 3326 1953 3407 quo

582 3414 769 3500 acerrime
787 3441 1040 3530 propugnata
1058 3437 1116 3498 est
1141 3413 1370 3527 Apostolica
1400 3416 1648 3526 hymnorum
1665 3416 1920 3498 consuetudo
1939 3478 1951 3500 .

640 3561 734 3617 100.
768 3537 924 3619 Verum
949 3532 1067 3615 etiam
1086 3530 1134 3613 de
1166 3533 1206 3613 S.
1225 3529 1484 3616 Columbano
1513 3530 1737 3645 Sigebertus
1763 3530 1955 3617 Gembla-

575 3652 703 3739 censis
719 3653 792 3768 (3)
811 3674 968 3748 narrat,
986 3648 1144 3761 quod„
1163 3674 1276 3733 tanto
1305 3647 1522 3763 sapientiae
1540 3649 1728 3732 thesauro
1757 3674 1814 3733 est
1848 3648 1954 3735 dira'-

574 3831 603 3874 ‚,
633 3796 727 3874 tus,
743 3798 791 3857 ut
809 3769 943 3853 adhuc
964 3766 1189 3851 adolescens
1205 3766 1339 3851 librum
1349 3765 1581 3879 psalmorum
1596 3761 1754 3849 elimato
1771 3793 1951 3852 sermone

575 3950 604 3992 „
634 3889 850 3988 scriberet,
878 3909 917 3969 et
935 3884 1009 3969 alia
1029 3883 1151 3971 multa
1168 3884 1302 3969 ederet
1325 3884 1385 3965 vel
1412 3884 1464 3964 nd
1478 3882 1688 3966 currendum
1706 3883 1857 4003 digno,
1891 3884 1954 3972 vel

579 4036 611 4106 „·
640 4006 693 4089 :td
706 4005 939 4092 docendum
962 4002 1075 4087 utilia
1092 4064 1153 4104 „.
1186 4001 1246 4085 Fit
1261 4000 1409 4115 pariter
1441 3998 1591 4082 mentio
1608 3999 1880 4113 psalmorum,
1912 4027 1952 4090 et

578 4125 797 4239 hymnorum
826 4124 867 4205 in
888 4119 1038 4235 Regula
1059 4124 1099 4204 8.
1120 4117 1410 4235 Augustiniad
1427 4115 1626 4201 Moniales
1639 4115 1734 4231 (4),
1752 4146 1790 4205 et
1817 4119 1861 4201 in
1882 4122 1954 4202 ne·

572 4239 671 4357 gula
691 4242 728 4322 S.
741 4239 887 4324 Donati
901 4236 997 4349 (5)
1018 4241 1079 4324 Ex
1094 4268 1178 4351 quo
1194 4236 1287 4322 satis
1303 4233 1524 4322 revincitur
1538 4236 1731 4320 sententia
1745 4234 1951 4336 Martenii,

571 4384 616 4443 et
634 4353 803 4441 aliorum
819 4419 832 4457 ,
847 4356 918 4469 qui
936 4417 949 4453 ,
968 4383 1013 4442 ut
1026 4356 1185 4443 videtur
1200 4415 1213 4452 ,
1229 4382 1278 4436 eo
1294 4353 1400 4437 duce
1427 4351 1470 4434 in
1488 4355 1673 4437 eumdem
1691 4383 1862 4438 errorem
1896 4354 1954 4433 in-

572 4474 767 4561 ciderunt
779 4501 864 4579 ,ut
878 4472 1020 4560 Schola
1037 4469 1241 4589 Liturgica
1257 4468 1425 4592 Collegii
1441 4470 1614 4558 Romani
1633 4472 1674 4553 in
1692 4467 1954 4558 Crrrrclutiorri-

625 4775 681 4866 (¹)
711 4771 796 4865 R‘g·
810 4794 922 4861 ΝΜ·
1339 4779 1391 4860 (3)
1421 4772 1475 4841 De
1492 4770 1657 4858 Scriptor-
1671 4762 1801 4837 eccles.

619 4880 677 4962 (2)
701 4870 803 4946 Turn.
820 4894 854 4965 3.
871 4874 1029 4948 Holsttn.
1045 4870 1211 4965 paguo&
1337 4879 1392 4959 (4)
1420 4867 1549 4959 Cap.4.
1569 4885 1683 4956 pag.7.
1700 4879 1821 4971 torn33.

504 5009 514 5022 ·
572 4984 650 5059 ⁶²9·
666 4989 700 5061 7·
917 5034 921 5041 .
1334 4977 1388 5061 (ς)
1418 4960 1889 5059 Cap.17.pag.9t.rbrdtm.
