5084 6234
969 850 1613 941 aecclesiasticis
1920 879 1976 965 29

593 990 784 1079 tudinem
801 988 894 1076 Deo
912 993 1089 1103 hymnos
1112 994 1267 1079 metrice
1285 1054 1299 1094 ,
1316 1021 1361 1078 ac
1380 992 1602 1103 rhythmice
1633 987 1882 1077 concinendi
1897 995 1982 1107 pri-

595 1138 666 1193 mo
691 1107 887 1199 Ecclesiae
922 1137 1094 1229 tempore
1129 1108 1422 1198 increbruisse.
1447 1108 1676 1226 Singillatim
1710 1108 1910 1196 Eusebius
1935 1109 1979 1196 id

598 1253 769 1317 annotat
782 1227 857 1346 (1)
879 1255 891 1309 t
909 1290 939 1328 „
957 1230 1075 1342 Quae
1096 1228 1231 1314 omnia
1248 1227 1311 1317 vir
1327 1227 1387 1312 ille
1404 1229 1428 1343 (
1446 1226 1591 1338 Philo)
1609 1227 1722 1313 toties
1738 1227 1977 1318 nominatus

596 1401 625 1446 „
656 1347 799 1433 eodem
814 1346 932 1464 plane
950 1346 1103 1447 modo,
1132 1376 1217 1458 quo
1243 1376 1266 1431 a
1294 1343 1409 1431 nobis
1424 1344 1515 1430 solis
1530 1342 1730 1458 hodieque
1748 1351 1976 1441 observan-

591 1515 627 1563 ‚,
660 1487 756 1566 tur,
774 1489 956 1552 accurate
977 1488 1114 1549 notata
1129 1468 1285 1579 scriptis
1310 1462 1392 1547 suis
1411 1463 1577 1550 tradidit
1599 1497 1611 1546 s
1637 1486 1756 1575 arque
1782 1464 1975 1584 imprimis

594 1642 627 1681 „
657 1582 858 1697 pervigilia
872 1611 1040 1697 magnae
1056 1580 1498 1696 solemnitatis,piasque
1515 1582 1560 1665 in
1579 1579 1717 1666 iisdem
1733 1584 1976 1673 exercitatio-

591 1757 624 1799 „
643 1727 727 1797 nes,
744 1724 783 1786 et
798 1703 967 1814 hymnos,
985 1698 1058 1812 qui
1079 1729 1100 1783 a
1120 1699 1237 1787 nobis
1255 1698 1409 1786 recitari
1428 1698 1577 1800 solent,
1592 1726 1877 1789 commemorat
1896 1762 1906 1785 .
1923 1705 1976 1790 Et

593 1874 621 1915 „
654 1844 739 1928 quo
753 1842 872 1931 pacto
888 1847 984 1903 cum
1018 1816 1310 1927 unusquisque
1343 1815 1575 1919 modulare,
1607 1846 1652 1902 ac
1669 1818 1978 1935 decenterpsal·

590 1993 622 2034 „
650 1963 764 2018 mum
781 1964 923 2022 canere
941 1963 1109 2022 exorsus
1123 1934 1274 2035 luerit,
1304 1934 1420 2021 ceteri
1440 1965 1545 2023 ,cum
1563 1933 1721 2022 silentio
1740 1936 1976 2025 auscultan-

587 2094 622 2153 s,
653 2076 708 2140 tes
722 2078 918 2144 extremas
935 2053 1147 2144 dumtaxat
1158 2054 1409 2170 hymnorum
1416 2076 1552 2172 partes
1567 2052 1976 2161 simulconcinaot„.

1202 2296 1245 2419 ᾗ.
1275 2299 1361 2383 ΙΧ.

940 2475 1004 2564 De
1029 2478 1114 2566 aliis
1135 2479 1254 2598 primi
1277 2478 1394 2566 seculi
1410 2468 1610 2596 Hymni,

577 2670 657 2766 35.
747 2651 917 2738 uoniam
931 2683 1029 2745 vero
1061 2686 1108 2742 ea
1126 2721 1139 2760 ‚
1158 2687 1264 2771 quae
1294 2658 1345 2742 de
1366 2656 1612 2770 therapeutis
1633 2656 1825 2741 seruntur
1847 2713 1861 2754 ,
1890 2682 1977 2740 non

575 2769 781 2857 omnibus
805 2800 936 2886 aeque
953 2798 1060 2861 certa
1076 2802 1172 2864 sunt
1187 2775 1508 2885 ,inquirendum
1525 2798 1612 2875 est,
1635 2804 1688 2858 an
1709 2774 1785 2858 alia
1820 2800 1974 2858 monu-

583 2914 719 2977 ments
735 2917 983 3006 suppetant,
1017 2893 1171 3004 quibus
1203 2891 1464 2980 Christianos
1494 2892 1612 3008 primi
1630 2893 1753 2979 seculi
1787 2889 1864 2973 Dei
1887 2890 1979 2973 lau·

585 3006 656 3091 des
672 3007 838 3118 hymnis
872 3006 1068 3099 celebrare
1101 3011 1354 3101 consuevisse
1373 3012 1695 3097 demonstretur.
1724 3013 1817 3094 Huc
1844 3006 1978 3092 referri

468 3175 483 3198 ·
584 3148 747 3239 posset,
775 3125 891 3238 quod
922 3156 972 3216 ex
1005 3127 1238 3247 Nicephoro
1264 3128 1510 3243 insuperiori
1532 3129 1713 3243 proximo
1731 3122 1767 3244 l.
1782 3155 1889 3211 num.
1906 3154 1976 3239 29.

459 3279 464 3297 ν
591 3239 774 3360 excripsi,
792 3246 831 3327 S.
847 3244 1054 3357 {gnatium
1074 3249 1299 3361 Martyrem
1323 3245 1653 3334 vidisseSanctos
1665 3244 1842 3361 Angelos
1861 3243 1979 3329 alter-

592 3356 687 3459 nis,
715 3387 760 3445 ac
776 3359 851 3452 sibi
879 3362 1053 3449 invicem
1085 3364 1424 3484 respondentibus
1454 3365 1706 3452 carminibus
1737 3366 1776 3447 S.
1803 3359 1979 3447 Trinita-

593 3498 674 3564 tem
688 3480 1044 3585 concelebrantes,
1062 3514 1111 3570 ex
1136 3515 1221 3597 quo
1245 3483 1326 3601 ipse
1357 3512 1509 3569 morem
1534 3484 1648 3568 hunc
1685 3476 1866 3567 invexit.
1898 3475 1978 3561 Sed

585 3622 738 3699 erunt,
770 3595 947 3713 opinor,
974 3602 1048 3715 qui
1067 3604 1173 3688 hanc
1192 3600 1467 3688 narrationem
1489 3599 1727 3687 certioribus
1748 3596 1974 3682 documen-

583 3711 634 3799 tis
650 3715 928 3803 conlirmstam
960 3718 1112 3821 velint3
1139 3746 1293 3807 etcum
1310 3720 1351 3802 S.
1370 3718 1549 3832 lgnatius
1568 3716 1797 3831 longissime
1830 3711 1977 3802 vixerit

584 3832 641 3918 ad
658 3830 828 3948 Trajani
846 3864 974 3950 usque
991 3860 1167 3955 tempora
1186 3902 1201 3941 ,
1232 3861 1484 3948 mortemque
1507 3831 1685 3920 subierit
1711 3860 1825 3915 anno
1848 3859 1941 3915 110.
1958 3892 1976 3932 ,

585 3950 745 4036 definiri
777 3954 950 4066 nequit,
979 3955 1163 4071 primone
1188 3955 1325 4043 seculo
1354 4017 1369 4054 ,
1394 3981 1448 4037 an
1474 3950 1656 4042 secundo
1680 3948 1783 4038 visio
1801 3946 1976 4066 Angelo-

590 4093 765 4172 rum,et
781 4069 1089 4184 origoalternae
1116 4073 1158 4157 in
1193 4074 1355 4187 hymnis
1384 4069 1650 4160 concinendis
1683 4063 1974 4156 modulationis

588 4184 805 4275 acciderit.
836 4189 1111 4280 Libentissime
1145 4191 1278 4277 locum
1306 4192 1442 4279 darem
1465 4188 1649 4302 'Hymnis
1678 4191 1719 4272 S.
1736 4182 1973 4284 Hierochei,

581 4326 691 4411 quos
717 4308 934 4394 Amatorios
961 4335 1082 4398 vocat
1115 4309 1404 4423 &Dionysius
1435 4306 1681 4423 Areopagita
1705 4304 1779 4418 (2)
1807 4367 1821 4403 ,
1851 4327 1972 4413 atque

582 4414 691 4501 adeo
705 4418 825 4508 Libro
843 4425 891 4509 de
904 4427 1096 4540 Hymnis,
1111 4456 1233 4542 quem
1248 4458 1289 4515 se
1303 4425 1499 4546 scripsisse
1517 4449 1655 4510 narrat
1668 4424 1770 4538 (3),
1789 4418 1864 4503 nisi
1888 4415 1974 4506 val·

573 4531 635 4632 de
654 4534 911 4641 dubitarem,
935 4574 987 4630 an
1000 4545 1184 4662 genuina
1208 4546 1289 4634 sint
1300 4572 1426 4660 opera
1443 4546 1486 4628 S.
1503 4540 1694 4652 Dionysii
1717 4603 1731 4639 ,
1761 4564 1866 4649 quae
1886 4534 1973 4646 ejus

575 4650 749 4743 nomine
782 4654 1153 4768 circumferuntur3
1183 4659 1388 4782 quidqmd
1415 4687 1491 4779 pro
1528 4655 1722 4742 sententia
1749 4652 1971 4741 affirmante

637 4930 691 5013 (¹)
720 4928 796 5001 hb·
818 4956 850 5003 ι.
881 4935 1168 5035 Histor.eap.r7.
1299 4941 1366 5010 bus
1380 4950 1504 5027 parnt.
1542 4936 1598 5028 (3)
1618 4932 1694 5005 lib.
1707 4955 1742 5028 7.
1761 4918 1968 5007 -decaelesti

621 5024 855 5131 'bl-Cam·
872 5032 932 5111 De
948 5035 1072 5113 divinis
1084 5035 1245 5117 Nomini-
1295 5034 1514 5115 Hisrsrchis
1533 5055 1609 5126 cap.
1625 5053 1665 5135 7»
1950 5097 1954 5104 ,
1994 5089 1996 5094 ,
