5084 6234
845 725 1502 824 ECCLESIASTICIS
1785 763 1866 856 ¹13

584 876 701 967 nario
720 875 830 962 Ven.
850 875 981 960 Card.
999 876 1216 960 'l'homasii
1235 876 1318 960 suis
1343 902 1535 987 quaeque
1560 872 1724 989 hymnis
1740 906 1860 992 prae*

468 1009 548 1098 fixa
570 1066 580 1089 .
597 1001 651 1085 Hi
669 1021 854 1082 auctores
864 1021 964 1079 sunt
982 998 1026 1080 S.
1036 994 1283 1092 Ambrosius,
1301 994 1526 1079 Prudentius
1544 996 1745 1095 Clemens,
1763 996 1858 1081 Cae·

469 1119 734 1214 liusSerlulius
750 1111 975 1227 Presbyter,
1001 1116 1215 1204 Venoruius
1242 1114 1440 1197 Honorius
1467 1113 1744 1199 Clementianus
1763 1111 1863 1201 For-

466 1263 631 1332 tunatus
649 1235 866 1352 Episcopus
899 1232 1177 1334 Pictauiensis,
1206 1235 1253 1314 Β.
1283 1232 1415 1316 Penus
1431 1230 1622 1316 Damiani
1644 1234 1862 1353 Episcopus

466 1359 658 1450 Ostiensis
688 1418 701 1456 ,
726 1354 830 1440 Beda
858 1351 1082 1466 Presbyter,
1115 1354 1160 1436 S.
1178 1351 1391 1452 Hilarius,
1427 1352 1471 1434 S.
1496 1349 1701 1468 Gregorius
1725 1356 1864 1469 Papa,

433 1561 439 1572 .
468 1484 509 1572 -Τ
505 1477 739 1592 lreorlldplrus
753 1469 971 1586 Episcopus
984 1470 1295 1571 Aurelianensis,
1311 1471 1469 1555 Flauius
1496 1469 1753 1556 cabilonensis
1770 1475 1867 1591 Epi.

467 1630 637 1717 scopus,
655 1593 862 1679 eralranus
879 1593 1052 1676 Maurus
1069 1592 1310 1707 Episcopus,
1334 1590 1551 1688 Paulinus,
1574 1591 1622 1710 S.¹
1632 1591 1867 1702 Damasus,

469 1723 583 1822 Elpis
613 1741 715 1801 uxor
730 1706 886 1810 Boetii,
921 1711 1066 1795 Paulus
1101 1710 1299 1797 Diaconus
1319 1773 1332 1810 ,
1356 1710 1442 1793 Odo
1472 1708 1605 1792 Ablras
1637 1710 1869 1799 cluniacen-

471 1837 528 1924 sis
542 1840 594 1922 ll.
616 1836 689 1931 ‚S.
708 1833 891 1950 Magnus
914 1830 1028 1916 Felix
1048 1831 1252 1917 Ennodius
1285 1829 1501 1944 Episcopus
1527 1826 1744 1914 Ticinensis
1768 1832 1870 1949 (a).

475 1953 671 2044 lateralia
692 1975 917 2034 memoratu
928 1947 1040 2065 digni
1050 1976 1147 2037 sunt
1158 1949 1244 2034 duo
1260 1946 1406 2060 hymni
1424 1947 1678 2032 &Ambrosii
1698 1954 1867 2066 p.426.,

475 2096 608 2191 etseq.
624 2138 637 2176 ,
657 2070 754 2154 alter
772 2069 824 2151 ad
841 2066 1082 2156 serenitatem
1096 2136 1109 2174 ,
1121 2070 1219 2157 alter
1241 2069 1294 2152 ad
1317 2066 1486 2186 pluviam
1499 2069 1707 2182 petendam
1722 2132 1737 2170 ,
1754 2073 1827 2185 qui
1845 2105 1871 2162 a

470 2196 577 2280 Beda
598 2195 679 2279 Lib.
693 2191 740 2271 de
755 2187 898 2272 Moeris
916 2186 1139 2276 laudantur
1158 2250 1172 2288 ,
1203 2212 1242 2272 et
1257 2188 1298 2270 S.
1317 2188 1537 2270 Arabrosio
1556 2188 1871 2299 attribuuntur,

470 2312 604 2399 omissi
630 2337 760 2396 tamen
777 2334 875 2393 sunt
899 2337 922 2389 a
954 2307 1160 2394 Maurinis
1177 2305 1417 2392 Editoribus
1435 2332 1605 2424 operum
1631 2307 1672 2390 S.
1690 2309 1872 2397 Ambro-

471 2432 551 2517 sii.
581 2432 687 2516 Sunt
709 2425 827 2512 etiam
856 2424 980 2538 aliqui
1005 2426 1148 2533 hymni
1181 2423 1436 2526 abecedarii,
1464 2449 1512 2509 ut
1536 2452 1636 2540 pag.
1657 2425 1759 2540 389.
1780 2432 1873 2542 Hy.

470 2579 595 2636 mnus
616 2545 670 2633 V.
686 2545 817 2631 Bedae
836 2573 848 2627 s
869 2541 1142 2659 Apostolorum
1190 2544 1323 2634 loriam
1339 2567 1403 2645 3et
1413 2575 1513 2664 pag.
1535 2571 1636 2657 432.
1666 2542 1761 2630 alter
1779 2550 1872 2661 Hy.

471 2698 592 2756 mnus
609 2664 868 2753 abecedarius
884 2666 1016 2750 Caelii
1030 2666 1181 2753 Sedulir
1196 2663 1435 2784 Presbyteri,
1446 2692 1568 2782 quem
1584 2690 1708 2781 supra
1728 2665 1872 2784 mesni-y

473 2788 546 2876 ni:
579 2787 727 2875 Aeolis
749 2786 1054 2874 ortuscurdine.
1856 2833 1861 2846 ·

1107 2973 1143 3055 X
1162 2974 1199 3054 X
1215 2972 1232 3052 1
1251 2965 1309 3053 V.

625 3089 687 3175 De
703 3088 852 3208 hymnis
869 2965 1127 3177 ecclesiusiieis
1143 3084 1388 3176 emendandis
1395 3104 1490 3204 post
1512 3083 1714 3179 restitutas
1856 3163 1863 3188 ἦ

860 3205 1028 3296 litteras
1066 3210 1137 3330 agi
1175 3231 1349 3327 coeptum
1387 3227 1482 3293 est.

483 3413 580 3505 143.
601 3330 689 3478 Hi
703 3385 787 3473 fere
803 3416 903 3475 sunt
920 3390 1135 3479 nobiliores
1152 3391 1417 3503 Hymnorum
1435 3388 1678 3505 scriptores,
1710 3391 1760 3475 de
1777 3393 1874 3507 qui·

477 3511 557 3598 bus
573 3506 775 3591 nonnulla
793 3536 887 3595 mox
906 3510 1156 3627 adjungam,
1181 3540 1277 3596 cum
1294 3513 1469 3622 hymnos
1485 3570 1499 3607 ,
1515 3508 1588 3620 qui
1608 3508 1651 3591 in
1664 3510 1874 3600 Breviario

473 3624 646 3713 correcti
661 3652 875 3741 supersunt
889 3692 903 3729 ,
918 3659 994 3714 suo
1013 3659 1215 3742 quemque
1248 3626 1405 3713 auctori
1426 3624 1658 3737 adjudicare
1674 3635 1875 3722 conabor'.

479 3747 599 3832 Plura
616 3744 791 3862 prolerre
810 3810 824 3849 ,
841 3774 944 3834 certe
961 3750 1059 3833 haec
1080 3748 1221 3832 eadem
1248 3744 1406 3833 facilius
1417 3742 1614 3860 colligere·
1631 3747 1875 3860 potuissem,

474 3865 511 3952 si
528 3864 582 3950 ad
599 3895 745 3951 manus
760 3863 898 3954 fuisset
913 3866 1154 3954 Dissertatio
1180 3865 1340 3954 'Paesici
1365 3860 1556 3950 monachi
1589 3866 1629 3949 S.
1649 3866 1790 3954 Mauri
1821 3869 1872 3960 de'

482 3987 826 4108 Hymnograplu's,
856 3988 928 4103 qui
962 4017 1036 4106 pro
1066 3985 1302 4104 diligentia,
1330 4010 1370 4071 er
1391 3981 1653 4087 eruditione,
1684 4016 1767 4101 qua
1787 3987 1876 4106 ejus

373 4191 379 4200 ,
482 4103 828 4220 Congregationis
844 4106 1028 4193 homines
1047 4105 1226 4223 pollent,
1244 4136 1329 4191 non
1349 4100 1518 4205 dubito,
1535 4105 1639 4218 quin
1658 4134 1880 4224 argumen-

483 4248 576 4312 tum
594 4249 777 4308 accurate
797 4289 810 4326 ,
837 4249 875 4310 et
892 4224 1068 4314 dilucide
1085 4224 1386 4342 explanaverit.
1406 4224 1484 4310 Sed
1502 4251 1547 4312 ut
1562 4224 1606 4310 id
1619 4228 1734 4339 quod
1749 4226 1878 4330 volui,

484 4340 755 4445 conficerem,
776 4345 894 4432 fuisse
914 4344 956 4431 iu
975 4344 1088 4432 omni
1109 4361 1264 4450 aetate,
1291 4343 1363 4466 qui
1379 4342 1628 4432 carminibus
1644 4343 1880 4436 ecclesiasti·

541 4669 592 4754 (a)
620 4666 713 4737 iuter
741 4671 802 4738 hos
830 4675 1070 4743 adnumeratus
1102 4691 1150 4743 est
1198 4673 1396 4766 Hymnario
1425 4690 1468 4740 ex
1494 4667 1730 4736 vetustissimis
1745 4670 1877 4742 Collisi-

478 4757 621 4832 Silvius
636 4766 846 4838 Antonianus
860 4771 1045 4864 Presbyter
1059 4772 1148 4840 Csr·
1200 4770 1285 4849 ltus,
1313 4787 1352 4839 ut
1382 4763 1564 4860 profitetur
1579 4764 1775 4846 Cardinalis
1792 4768 1881 4844 The·

485 4855 634 4942 dinslis,
663 4864 721 4955 qui
738 4868 1037 4957 superioriseculo
1052 4867 1151 4948 obsit,
1203 4865 1328 4939 tarasius
1342 4913 1355 4953 ,
1369 4868 1576 4963 deprompto
1592 4912 1604 4960 ς

484 4955 544 5032 sui
574 4980 668 5033 certe
686 4965 781 5037 locus
795 4968 925 5050 dandus
949 4989 1015 5039 non
1031 4983 1102 5046 eras
1118 4963 1152 5039 iu
1209 5013 1230 5022 ··
