5084 6234
939 773 1578 878 sccrssrasrrcts
1889 801 1955 896 s,

574 931 807 1047 reflexibus,
825 956 956 1043 neque
979 927 1190 1026 adducor,
1220 948 1268 1008 ut
1291 921 1481 1024 credant,
1503 916 1721 1039 Apostolos
1742 948 1808 1007 eas
1838 919 1954 1007 insti-

574 1055 716 1140 tuisse.
735 1051 793 1135 At
809 1048 949 1149 enim,
977 1044 1171 1158 inquiunt
1189 1038 1313 1153 aliqui
1331 1103 1344 1139 ,
1362 1039 1462 1124 nihil
1486 1040 1633 1123 mirum
1656 1066 1713 1127 est
1730 1102 1744 1140 ,
1763 1040 1795 1124 si
1811 1038 1953 1124 ludaei

573 1200 710 1258 recens
728 1167 782 1253 ad
808 1166 929 1250 fidem
952 1160 1132 1249 conversi
1147 1186 1299 1245 morem
1328 1187 1450 1242 suum
1466 1157 1677 1274 pristinum
1707 1156 1951 1245 retinerent.

573 1287 733 1373 Verum
763 1282 933 1367 ubinam
957 1304 1014 1365 est
1028 1276 1092 1364 hic
1108 1308 1193 1365 mos
1209 1276 1364 1394 priscus
1381 1277 1638 1375 ludaeorum,
1652 1302 1721 1364 aur
1735 1305 1820 1390 quo
1835 1300 1955 1392 pacto

570 1404 692 1492 luisse
725 1431 910 1513 unquam
940 1395 1207 1499 ostenditur,
1241 1424 1291 1482 eo
1335 1422 1480 1514 nempe
1512 1391 1684 1496 ordine,
1703 1423 1824 1510 quern
1839 1393 1953 1486 Philo

577 1517 800 1610 describit?

637 1668 705 1754 29.
739 1634 857 1749 Quid
871 1632 987 1748 quod
1001 1633 1078 1720 huc
1090 1632 1255 1723 vivendi
1270 1661 1397 1751 genus
1413 1666 1435 1720 a
1452 1635 1627 1738 Graecis,
1644 1656 1765 1748 atque
1778 1632 1958 1728 Bnrhtrie¹

573 1782 775 1874 receptum
801 1752 912 1837 Philo
937 1754 1261 1839 commemorati
1281 1778 1525 1838 concentum
1540 1753 1774 1854 musicum,
1802 1776 1959 1838 etcon·

574 1874 829 1962 suetudinem
857 1869 1015 1957 alternis
1030 1872 1205 1957 canendi
1221 1900 1480 1957 communem
1494 1871 1614 1959 fuisse
1631 1872 1744 1988 apud
1757 1867 1955 1956 nascentis

577 1991 770 2085 Ecclesiae
789 1985 1045 2075 Christianos
1063 2015 1183 2075 nemo
1200 1988 1275 2076 etit
1293 1995 1394 2101 ,qui
1410 1987 1605 2090 affirmem
1646 1988 1823 2105 plerique
1838 1987 1959 2074 etiarn

578 2112 789 2227 negabunt
804 2171 817 2209 ,
832 2106 961 2224 primo
978 2105 1042 2189 illo
1059 2132 1235 2223 tempore
1255 2135 1430 2218 usquam
1446 2106 1615 2195 extitisse
1633 2167 1645 2191 .
1666 2105 1767 2220 Quo
1787 2105 1876 2193 loco
1890 2102 1961 2190 mi·
1986 2091 2021 2132 ⁸
2077 2216 2079 2220 Δ

581 2255 649 2314 ror
666 2226 974 2341 ,Nicephorum
996 2222 1209 2311 Callistum
1222 2223 1297 2340 (r)
1317 2225 1651 2315 summisviribus
1685 2224 1960 2323 contendere,

581 2345 795 2431 Philonem
811 2342 862 2425 de
876 2341 1139 2458 Therapeutis
1154 2342 1276 2429 luisse
1295 2342 1511 2439 locutum,
1542 2373 1638 2430 curn
1669 2344 1748 2457 ipse
1765 2340 1963 2456 posterio-

581 2478 675 2559 rem:¹
692 2459 886 2576 originem
897 2458 1035 2544 alterni
1050 2487 1272 2549 concentus
1290 2488 1480 2581 agnoscat
1493 2459 1572 2577 (2)
1581 2522 1610 2561 „
1626 2494 1637 2544 t
1654 2460 1814 2545 Morem
1827 2484 1963 2546 autem

577 2640 610 2686 „
642 2577 989 2694 antiphonorum‚
1014 2579 1190 2681 hocest,
1224 2578 1384 2670 alteruis
1397 2609 1470 2713 per
1501 2576 1799 2694 responsionem
1816 2573 1965 2665 carmi·

580 2759 610 2802 „
640 2726 744 2782 num
762 2694 1115 2783 concinendotum
1130 2694 1303 2785 Ecclesia
1324 2696 1550 2813 antiquitus
1566 2696 1649 2811 jam
1664 2695 1758 2784 inde
1772 2699 1828 2787 ab
1841 2695 1963 2813 Apo-

581 2878 611 2923 „
639 2815 746 2907 stolis
777 2813 960 2928 accepit.
997 2812 1197 2904 Divinum
1223 2843 1400 2929 namque
1431 2815 1725 2934 ignatium...
1758 2813 1961 2910 visionem

581 2996 608 3041 „
640 2961 790 3022 novam
807 2931 950 3022 vidisse
969 2932 1107 3019 serunt
1129 2936 1325 3025 :Sanctus
1341 2932 1487 3021 scilicet
1500 2934 1676 3051 Angelos
1701 2932 1892 3034 alternis,
1922 2962 1963 3026 er

582 3113 613 3157 „
639 3050 713 3140 sibi
729 3050 902 3139 invicem
934 3049 1271 3167 respondentibus
1302 3051 1553 3140 carminibus
1574 3057 1760 3145 Sanctam
1777 3048 1963 3137 Trinita-

585 3232 614 3277 „
645 3167 933 3281 temhyrnnis‚
966 3194 1006 3254 et
1034 3167 1225 3257 laudibus
1251 3170 1471 3259 vehentes.
1504 3169 1651 3287 Etipse
1673 3170 1824 3288 prium
1855 3172 1961 3259 hanc

585 3349 613 3391 „
645 3284 885 3394 concinendi
902 3286 1075 3376 sormam
1092 3286 1449 3375 Antiochenorum
1475 3286 1669 3378 Ecclesiae
1695 3288 1805 3376 dedit
1823 3349 1835 3372 .
1852 3290 1963 3375 Unde

586 3466 615 3510 ,‚
643 3402 753 3521 quusi
773 3435 798 3489 α
814 3402 924 3516 fonte
938 3404 983 3492 in
1001 3405 1096 3491 alias
1104 3401 1297 3492 Ecclesiae
1308 3406 1389 3493 Dei
1407 3436 1547 3494 omnes
1580 3407 1777 3522 ejusmodi
1799 3432 1965 3491 consue·

583 3584 614 3630 „
643 3520 746 3607 tudo
760 3547 816 3608 est
831 3548 1049 3639 propagata
1067 3586 1124 3624 „.
1154 3522 1276 3608 Enim
1307 3555 1405 3616 vero
1431 3526 1464 3613 si
1480 3523 1709 3613 Christiani
1738 3523 1816 3609 sub
1843 3521 1964 3608 disci·

585 3640 696 3758 plina
711 3641 752 3724 S.
770 3640 932 3748 Marci,
958 3642 1030 3755 qui
1053 3640 1228 3728 Neronis
1246 3671 1359 3730 anno
1378 3672 1525 3732 octavo
1556 3642 1720 3730 decessit
1742 3703 1756 3743 ,
1788 3670 1964 3729 consue·

587 3758 776 3849 tudinem
791 3786 820 3846 a
836 3757 998 3846 Philone
1014 3760 1237 3876 expositam
1252 3765 1553 3862 observabant,
1586 3762 1659 3874 qui
1693 3759 1885 3847 convenit
1899 3759 1966 3843 di-

589 3904 679 3968 cere
691 3938 706 3978 ,
720 3877 761 3966 S.
779 3875 981 3992 Ignatium
1010 3878 1171 3968 tertium
1188 3904 1278 3993 post
1292 3882 1333 3964 S.
1350 3881 1511 3965 Petrum
1528 3876 1807 3965 Antiochense
1826 3874 1965 3963 Eccle-

585 3993 667 4086 siae
685 3992 932 4125 Episcopum
948 3996 1061 4082 bunc
1078 4026 1200 4087 usum
1215 3996 1393 4112 primum
1411 3996 1642 4101 induxisse,
1654 3995 1750 4087 inde
1767 3995 1810 4084 in
1824 4022 1969 4094 omnes

597 4110 691 4199 alias
699 4112 893 4201 Ecclesiae
908 4114 1203 4230 propagatum?

655 4258 722 4339 30.
752 4233 860 4315 Nam
875 4231 908 4315 si
924 4230 1037 4317 Philo
1053 4261 1175 4317 suum
1197 4230 1367 4322 Librum
1399 4237 1528 4325 edidit
1559 4265 1801 4325 annoaerae
1821 4229 1967 4350 vulga·

594 4339 651 4426 ris
670 4344 739 4427 68.
751 4409 765 4447 ,
778 4373 826 4436 ut
841 4347 928 4437 vult
945 4349 1286 4438 Montfauconius
1299 4353 1374 4470 (3)
1388 4418 1402 4457 ,
1414 4356 1499 4446 sive
1517 4381 1609 4444 ante
1629 4386 1786 4443 annum
1801 4382 1872 4467 40.
1890 4412 1905 4451 ,
1920 4371 1968 4439 ut

594 4458 754 4556 navus
767 4464 832 4558 Ch
849 4465 1193 4597 Mamilius&
1209 4527 1223 4570 2
1239 4472 1292 4562 ab
1306 4472 1424 4563 initio
1438 4474 1635 4567 Ecclesiae
1669 4472 1823 4560 musica
1846 4466 1971 4564 altere

619 4762 805 4865 ι(μγῑίδ.
824 4774 1022 4857 meamus.
1304 4768 1372 4856 lice
1387 4769 1582 4847 redditum.

642 4865 701 4945 (a)
727 4860 804 4932 lib.
823 4884 913 4955 με
958 4866 1023 4937 ‚u
1349 4874 1404 4957 (4)
1436 4868 1508 4940 Lib.
1538 4893 1570 4939 ι.
1607 4868 1749 4969 Origitt·
1790 4865 1966 4964 Antiquit·

632 4960 687 5065 β)
704 4955 743 5032 ln
755 4958 858 5036 Nolis
872 4889 991 5041 millib·
1004 4963 1156 5043 Philoni&
1166 4964 1251 5042 Ghl·
1301 4962 1435 5046 Cllflllo
1451 4988 1487 5063 Pr
1504 4984 1565 5068 ⁴50
