5084 6234
886 866 1448 962 HISPANIC'A
1770 875 1861 997 '32²3

764 1015 854 1100 Hoc
885 1036 1045 1131 tepente
1069 1011 1263 1099 Datiano

821 1132 1081 1219 Nunciantea
1106 1130 1335 1247 inquiunt,

695 1278 735 1337 α.
827 1249 1036 1342 Advenite
1068 1250 1215 1369 dogma
1250 1244 1409 1338 Christi

694 1397 735 1485 3.
828 1366 1084 1458 Confitentes
1112 1369 1335 1488 parvulos,

823 1486 973 1576 Mortis
1005 1486 1114 1574 ultro
1138 1489 1345 1607 pastiones
1356 1549 1373 1593 ,

822 1604 961 1722 Atque
994 1605 1138 1693 caedes
1219 1608 1350 1724 rperi.

685 1753 730 1842 4.
763 1719 969 1812 Aestuane
1000 1722 1114 1811 adeat
1180 1752 1372 1839 yrannue

690 1871 732 1956 5.
821 1835 1034 1929 Turbidus
1065 1839 1261 1942 ferocia,

822 1960 894 2048 Ad
922 1992 1021 2049 tuoe
1049 1983 1183 2050 truces
1207 1959 1412 2049 ministros
1434 2016 1450 2061 ,

540 2152 553 2161 .
690 2079 734 2169 6.
823 2077 1117 2183 Vincianrur,
1146 2080 1368 2183 clamitat,

823 2199 1014 2286 Fortibus
1047 2198 1194 2314 jubens
1221 2196 1365 2287 tenella

823 2316 1024 2402 Dissecati
1057 2336 1257 2433 corpora.

759 2431 882 2522 Tunc
914 2457 1089 2522 sacratas
1124 2432 1245 2523 ambo
1275 2459 1398 2522 voces

819 2552 1104 2668 Alloquuntur
1136 2552 1311 2644 invicem
1342 2586 1355 2640 a

819 2671 1001 2788 Tempus
1032 2663 1200 2802 estjam
1235 2665 1471 2791 temporales

820 2796 935 2879 Ferre
961 2820 1124 2998 poenae
1158 2792 1372 2913 corporis,

818 2911 923 3028 Quo
979 2941 1105 3002 uturo
1133 2911 1398 3031 perfruamur

691 3059 733 3143 7.
823 3030 1080 3146 Angelorum
1111 3022 1295 3144 gaudio.

758 3144 951 3232 Audiens
982 3174 1079 3234 mox
1116 3145 1332 3260 Decianus

817 3265 1056 3380 Martyrum
1087 3269 1396 3372 constantiam,

822 3382 1034 3474 Excitatus
1063 3384 1107 3470 in
1141 3382 1283 3475 futore

820 3502 959 3592 Dictat
984 3506 1091 3593 hanc
1119 3506 1393 3594 cententiamt

587 3648 595 3663 ‘
682 3624 727 3712 8.
819 3618 960 3709 Ambo
985 3621 1128 3710 fratres
1151 3643 1200 3706 ut
1229 3621 1424 3740 perempti

683 3771 727 3857 9.
818 3740 954 3827 Morte
983 3738 1078 3840 dira
1107 3739 1374 3829 concidant.
1497 3799 1639 3892 382.

463 3978 653 4073 plocensem
668 3985 910 4082 Epioeopatum
928 3983 1122 4067 contrituit,
1181 3982 1435 4060 correctionem
1465 3988 1640 4071 adhibui,
1670 3982 1735 4059 nisi
1762 4001 1853 4083 quae

462 4096 500 4150 ut
518 4082 685 4178 reliquum
700 4092 789 4160 vitae
807 4106 941 4180 tempus
958 4085 992 4158 in
1015 4090 1121 4157 hono·
1181 4087 1322 4159 omnino
1350 4084 1537 4158 necesaria
1566 4080 1720 4160 visaiuit
1736 4086 1770 4160 iu
1799 4085 1853 4161 hit

461 4178 574 4249 tandit
615 4183 674 4254 88.
700 4182 944 4281 Martyrum,
971 4205 1118 4277 quorum
1179 4183 1540 4257 videlicetversibut.
1659 4272 1661 4278 ,

460 4296 608 4369 corpora
619 4279 784 4354 divinitus
805 4286 838 4356 ei
855 4298 1120 4356 commonstrata
1207 4306 1239 4355 r.
1253 4287 1342 4355 Dum
1359 4277 1572 4355 instruuntur
1586 4279 1740 4354 litteris.
1835 4329 1837 4334 -
1854 4323 1870 4340 -›

461 4376 614 4460 tuerent,
629 4384 840 4453 traduceret.
856 4381 926 4454 Res
939 4384 974 4453 in
990 4397 1120 4472 utram·
1205 4405 1239 4453 a.
1256 4388 1341 4453 Ecce
1354 4380 1514 4454 advertite
1530 4380 1727 4453 christun.
1809 4429 1811 4433 -
1835 4421 1862 4441 ··

459 4496 527 4563 que
543 4494 672 4565 partem
686 4479 845 4571 ambigua
853 4496 929 4563 est,
954 4476 1118 4571 nulloque
1207 4472 1458 4571 3.'1³rofitetttes
1468 4478 1656 4577 paruulos.

462 4571 586 4646 idoneo
598 4574 993 4650 fundamentostabilitae
1006 4598 1120 4673 quam·
1203 4602 1240 4674 4.
1261 4580 1435 4650 concitant
1454 4581 1548 4649 adest
1562 4575 1616 4648 hic
1630 4584 1771 4649 Praeter
1791 4624 1804 4652 .
1856 4633 1859 4642 .

462 4695 564 4764 quam
578 4694 710 4747 certum
726 4695 794 4757 est,
811 4676 842 4745 in
859 4674 1033 4749 breviario
1048 4673 1120 4747 Mo·
1210 4692 1243 4764 5.
1263 4676 1424 4750 Turbidus
1436 4675 1641 4748 saevitiam.
1764 4735 1766 4742 .

465 4775 623 4844 :arabum
653 4780 741 4847 huuc
757 4782 922 4870 hymnum
949 4771 1090 4865 reperiri
1108 4820 1120 4843 .
1209 4780 1244 4846 6.
1261 4782 1451 4846 Tenemur
1467 4773 1643 4845 clamitat.

469 4864 656 4960 Propterea
685 4895 721 4946 ut
749 4873 883 4945 debitus
912 4875 1023 4944 honor
1048 4868 1120 4941 eive
1207 4896 1243 4967 7.
1263 4875 1393 4945 Gaudio
1414 4896 1488 4945 cum
1502 4872 1677 4966 Angelis.
1789 4920 1792 4926 -
1863 4911 1868 4926 ·

461 4960 620 5053 Isidoro,
648 4973 719 5045 sive
748 4972 889 5045 Asturio
906 5019 918 5051 ,
943 4969 1015 5042 sive
1030 4967 1120 5041 anti·
1208 4973 1243 5044 8.
1257 4980 1299 5043 vt
1310 4975 1476 5067 perempti
1487 4969 1584 5042 erebo
1598 4968 1722 5064 [tanet
1739 5019 1752 5045 .
1812 5017 1838 5050 -,

460 5066 579 5152 quitari
605 5075 769 5145 habeatur
798 5120 812 5157 ,
856 5067 985 5146 nullam
1014 5065 1119 5143 aliam
1204 5095 1244 5165 9.
1261 5073 1466 5147 Morttdr'rc
1481 5070 1738 5146 intercident..
