5084 6234
574 829 630 920 32
954 791 1513 887 ‘DEHYMNrs

571 939 674 1027 obiit
699 964 811 1024 anno
831 964 928 1048 152.
942 999 956 1037 ,
970 937 1080 1052 prius
1098 966 1260 1024 auctum
1274 1002 1287 1039 ,
1301 962 1382 1023 eta
1401 942 1797 1058 S.Symmaclro,'qui
1815 944 1958 1034 deces-

575 1060 626 1145 sit
650 1088 761 1143 anno
779 1059 877 1171 498.
899 1119 912 1156 ,
929 1055 1048 1140 luisse
1064 1057 1302 1173 completum
1314 1058 1404 1170 (rr).
1952 1131 1956 1139 ,

633 1179 701 1291 38.
737 1175 978 1261 Notissimus
993 1198 1079 1260 etat
1096 1174 1162 1260 hic
1180 1177 1393 1287 hymnus,
1420 1207 1513 1263 cum
1541 1182 1582 1264 S.
1605 1180 1879 1280 Athanasius,
1896 1181 1962 1265 sim

570 1324 618 1385 ve
638 1293 771 1407 quivis
787 1292 884 1378 alius
898 1292 1053 1379 Auctor
1085 1292 1283 1404 antiquus
1298 1295 1501 1382 scribebat
1518 1296 1687 1385 Librum
1711 1301 1757 1382 de
1776 1297 1954 1415 Virgini-

572 1441 649 1501 rnte
667 1451 676 1501 :
694 1476 723 1515 „
739 1411 949 1501 Matutino
965 1437 1098 1497 autem
1132 1435 1308 1529 tempore
1329 1412 1442 1499 hunc
1457 1413 1655 1527 psalmum
1675 1412 1793 1500 dicite
1812 1442 1824 1497 ε
1842 1419 1954 1504 Deus

573 1594 601 1637 „
634 1538 746 1619 Deus
763 1557 874 1618 meus
894 1529 948 1614 ad
972 1553 1008 1614 te
1042 1530 1091 1613 de
1107 1526 1194 1614 luce
1211 1528 1362 1645 vigil03
1392 1530 1518 1619 sitivit
1552 1555 1588 1616 te
1607 1530 1743 1614 anima
1760 1562 1877 1634 mea;
1898 1533 1957 1616 di-

571 1714 600 1758 „
632 1652 765 1737 luculo
787 1674 946 1735 autem:
967 1644 1195 1732 Benedicite
1217 1648 1356 1732 omnia
1388 1677 1511 1765 opera
1540 1646 1709 1732 Domini
1739 1649 1954 1735 Domino.

573 1833 603 1875 ,,
635 1769 773 1855 Gloria
791 1767 834 1849 in
850 1762 1010 1851 excelsis
1027 1764 1150 1861 Deo,
1179 1790 1218 1852 et
1234 1765 1277 1847 in
1295 1764 1420 1851 Terra
1437 1794 1547 1882 pax,
1566 1770 1609 1849 in
1627 1764 1863 1852 hominibus
1879 1770 1956 1853 bo·

574 1950 603 1995 „
636 1919 690 1974 na
707 1887 898 1976 voluntas
914 1915 925 1968 r
943 1882 1159 1966 laudamus
1176 1905 1212 1968 te
1230 1943 1245 1982 ,
1264 1884 1536 1971 benedicimus
1554 1908 1623 1985 te,
1651 1882 1867 1968 adoramus
1881 1909 1919 1968 te
1933 1946 1961 1987 ,.

572 2072 601 2111 „
633 2003 885 2117 etreliqua„
905 2060 914 2081 .
949 1998 1013 2085 De
1033 1998 1156 2084 altero
1184 2003 1366 2112 Hymno,
1381 2000 1499 2118 cujus
1514 2000 1696 2087 meminit
1712 1998 1953 2092 Concilium

572 2125 833 2220 Toletanum,
851 2118 981 2204 Gloria
998 2116 1105 2202 Patri
1119 2138 1190 2203 ete.
1206 2118 1409 2234 copiosius
1423 2119 1718 2234 disputabimus
1728 2112 1763 2234 §
1780 2119 1949 2221 XXXI..

576 2273 671 2329 cum
689 2239 791 2324 inter
814 2236 969 2348 Hymni
990 2233 1231 2321 conficiendi
1245 2236 1397 2350 regulas
1415 2238 1465 2322 do
1479 2264 1654 2324 extrema
1673 2235 1850 2324 clausula
1877 2267 1955 2325 ser·

572 2387 737 2447 monem
769 2356 1054 2444 instituemus.
1094 2349 1471 2443 Constitutionibus
1502 2353 1744 2472 Apostolicis
1761 2360 1953 2445 succedat

571 2481 757 2597 Epitome
774 2474 1029 2560 Clementina
1047 2470 1095 2553 de
1112 2469 1227 2582 gostis
1260 2472 1299 2553 S.
1318 2473 1421 2559 Petri
1436 2473 1509 2588 (1)
1524 2535 1537 2573 ,
1554 2472 1627 2557 ubi
1644 2472 1798 2559 mentio
1813 2474 1857 2559 fit
1874 2476 1957 2589 hy·

502 2644 508 2657 ·
574 2625 764 2685 rnnorum
790 2654 803 2692 ,
828 2620 930 2704 quoe
951 2592 993 2673 S.
1012 2585 1200 2673 Clemens
1227 2589 1381 2705 populo
1415 2588 1702 2706 praecinebat.
1734 2590 1812 2674 Sed
1829 2621 1957 2702 quam

575 2717 698 2802 fidem
730 2733 955 2795 mereantur
983 2703 1217 2821 hujusmodi
1249 2735 1404 2825 opera,
1437 2738 1543 2823 quae
1560 2711 1602 2793 S.
1625 2705 1827 2793 Clementi
1857 2708 1956 2795 olim

572 2832 889 2928 tribuebantur,
907 2847 1062 2909 norunt
1078 2821 1259 2927 Eruditi3
1275 2826 1390 2938 quod
1403 2854 1502 2916 veto
1521 2826 1574 2912 ad
1593 2829 1842 2937 hymnorum
1853 2856 1955 2913 can-

573 2976 662 3039 tum
688 2970 866 3066 spectat,
897 2971 998 3032 certe
1015 2973 1097 3028 rem
1115 2967 1283 3029 narrant
1299 2973 1431 3059 neque
1449 2945 1696 3046 absurdam,
1724 2971 1855 3057 neque
1886 2944 1955 3029 iu·

573 3067 835 3158 credibilem.
857 3064 1045 3176 Denique
1064 3061 1165 3147 duos
1181 3061 1454 3151 celeberrimos
1482 3064 1687 3176 hymnos,
1725 3061 1958 3178 Trisagium

570 3188 737 3271 Sanctus
755 3187 892 3281 Deus,
918 3185 1085 3266 Snucrur
1100 3177 1224 3264 Fortis
1237 3206 1343 3283 ern,
1373 3208 1412 3270 et
1442 3183 1644 3295 hymnum
1679 3180 1955 3300 vespertinum

510 3333 513 3337 ·
574 3307 719 3392 lumen
734 3299 852 3385 lrilnre
884 3299 938 3382 ad
962 3295 1248 3412 Apostolorum
1279 3323 1457 3416 tempora
1473 3300 1702 3386 referendos
1733 3324 1843 3401 esse,
1873 3300 1967 3417 opi.

575 3445 697 3507 natur
714 3419 974 3533 Nicephorus
988 3416 1060 3530 (o)
1078 3477 1107 3515 „
1125 3444 1141 3497 t
1156 3413 1423 3503 Tersanctum
1441 3446 1590 3534 porto,
1624 3445 1786 3505 carmen
1805 3416 1876 3515 id,
1906 3441 1955 3504 ut

573 3601 602 3643 „
635 3562 801 3656 apparet
816 3598 831 3637 ,
846 3562 884 3620 et
899 3534 998 3618 mihi
1014 3535 1176 3621 videtur
1191 3596 1204 3635 ,
1220 3532 1302 3648 jam
1321 3533 1414 3620 inde
1432 3540 1486 3623 ab
1501 3534 1734 3649 Apostolus,
1751 3532 1963 3619 etiamen-

574 3718 604 3760 „
637 3683 674 3745 te
692 3653 900 3740 Theodori
920 3652 1112 3751 junioris,
1129 3677 1166 3738 et
1185 3651 1311 3739 Procli
1330 3654 1582 3739 Parriarchae
1598 3679 1775 3769 tempora
1791 3678 1862 3767 per
1878 3648 1971 3758 m'a-¹

573 3836 603 3878 „
636 3804 717 3859 nus
732 3769 927 3859 Ecclesiae
957 3769 1113 3856 Christi
1131 3769 1326 3857 traditum
1353 3786 1439 3857 esti
1466 3770 1574 3857 sicut
1601 3796 1640 3856 et
1667 3768 1865 3858 cantilena
1892 3768 1962 3853 illa

574 3933 604 3996 ς,
633 3895 725 3978 Lux
741 3889 871 3974 hilaris
884 3918 960 4004 pro
979 3914 1102 3998 atque
1122 3886 1517 4004 adAmphilochium
1534 3888 1577 3971 in
1604 3888 1766 4003 triginta
1784 3884 1961 4001 Capitu-

573 4047 607 4113 ,,·
633 4008 682 4092 lis
697 4035 868 4120 magnus
893 4030 1060 4090 testatur
1076 4005 1281 4107 Basilius„
1299 4067 1309 4090 .
1332 4009 1397 4091 De
1418 4005 1631 4120 Trisagio‚
1662 4003 1750 4122 ejus
1769 4001 1927 4115 origine
1943 4064 1966 4104 ,

575 4154 614 4214 et
631 4124 906 4210 additamento
931 4122 1011 4232 Qui
1035 4120 1241 4236 crucifixus
1258 4144 1315 4212 ert
1326 4154 1402 4241 pro
1435 4122 1544 4212 nobis
1564 4147 1748 4214 accurate
1780 4119 1966 4241 disputat

576 4241 771 4357 Aloysius
786 4238 1034 4331 Assemanus
1053 4248 1074 4356 (
1103 4238 1125 4354 )
1144 4298 1160 4323 r
1826 4297 1831 4306 .

628 4480 679 4557 (a)
712 4466 831 4540 Videri
847 4469 1009 4561 potestdc
1026 4470 1090 4540 hoc
1106 4468 1253 4562 Hymno
1357 4474 1417 4561 (ι).
1439 4469 1575 4545 Tomi.
1592 4467 1799 4552 88.an
1810 4464 1965 4555 Aposto-

574 4564 698 4636 Petrut
732 4569 778 4637 Le
796 4566 887 4638 Btuo
905 4567 940 4637 irr
956 4562 1247 4662 duplicatoribus
1307 4566 1452 4641 litorum
1468 4588 1646 4660 num0153.

580 4667 671 4732 Tem.
686 4672 714 4733 Ι.
743 4673 838 4734 Part.
855 4689 889 4738 α.
901 4675 984 4735 Art.
1003 4685 1062 4753 3.,
1089 4682 1123 4736 et
1137 4665 1246 4735 Bene·
1354 4669 1410 4753 (ι)
1438 4663 1575 4738 Lib-18.
1588 4685 1725 4760 cap-51·

503 4847 508 4856 ι
578 4758 691 4830 dictus
719 4760 814 4830 XIV.
844 4765 885 4832 de
924 4757 1090 4848 Sacrificio
1118 4762 1245 4836 Missae
1288 4761 1291 4768 ’
1355 4769 1409 4850 (3)
1437 4760 1537 4837 Tour.
1565 4789 1623 4840 ιι.
1661 4756 1791 4832 Codic.
1824 4751 1960 4847 liturg·

579 4854 654 4929 cit.
671 4879 706 4929 2.
721 4871 794 4954 cap.
812 4879 867 4954 14.
1306 4881 1387 4958 pag·
1405 4860 1495 4935 281.

1848 5056 1891 5193 ς.
1910 5009 1967 5152 κζ
