5084 6234
535 831 654 957 aa
954 832 1578 921 Bssssvtasstum

569 978 665 1067 ricis
694 1001 750 1061 ea
779 1002 827 1058 eo
845 977 1032 1071 vocatis,
1059 976 1172 1089 quod
1196 970 1318 1058 sortis
1337 974 1502 1061 Domini
1516 975 1633 1077 sint,
1670 975 1822 1095 quique
1848 978 1966 1068 bonis

572 1090 863 1185 ecclesiasticis
878 1094 1076 1188 alantur,
1108 1096 1184 1179 boc
1203 1091 1459 1205 potissimum
1487 1096 1690 1211 negotium
1726 1096 1901 1200 diuinis,
1921 1120 1967 1187 et

574 1212 768 1304 bumanis
785 1211 942 1330 legibus
957 1233 1018 1297 est
1031 1208 1260 1323 injunctum
1279 1270 1293 1309 ,
1320 1236 1368 1299 ut
1385 1214 1514 1300 Deum
1532 1217 1676 1302 babere
1680 1215 1901 1332 propitium
1919 1218 1966 1305 ia

574 1334 832 1426 commissum
851 1329 928 1415 sibi
940 1330 1136 1446 populum
1152 1390 1166 1429 ,
1184 1358 1235 1417 ac
1249 1334 1302 1415 de
1317 1362 1362 1417 se
1378 1335 1476 1419 bene
1489 1356 1703 1423 merentem
1722 1335 1879 1423 cunctis
1896 1367 1963 1422 ra.

572 1454 750 1544 tionibus
764 1448 1003 1538 enitantur.
1035 1449 1163 1559 Quod
1177 1480 1257 1534 non
1279 1454 1412 1537 solum
1434 1452 1645 1565 sacrifieiis
1658 1454 1866 1569 efficitur,
1893 1461 1969 1543 sed

575 1577 700 1663 etiam
725 1571 943 1690 precibus,
968 1598 1075 1685 quoe
1102 1598 1129 1653 a
1156 1572 1228 1685 pio
1264 1575 1386 1658 coede
1399 1571 1718 1688 proficiscantur
1734 1633 1746 1657 .
1761 1636 1771 1657 .
1788 1636 1799 1657 .
1819 1574 1981 1663 Altera

575 1721 705 1785 causa
721 1710 846 1792 est,ut
861 1691 935 1827 pui
951 1688 1107 1803 reliquo
1125 1690 1280 1804 populo
1298 1693 1484 1804 exemplo
1510 1692 1653 1777 debent
1667 1722 1754 1779 esse
1771 1690 1970 1794 uirtutis,

573 1832 615 1901 et
630 1805 1114 1907 sanctimonroe,ossitun
1126 1810 1509 1921 precationeDeum
1524 1812 1779 1926 alloquentes
1802 1815 1973 1909 ,minus

574 1928 792 2049 opportuni
827 1931 1052 2014 reddantur
1069 1927 1267 2013 tentatori
1305 1930 1468 2015 diabolo
1605 1929 1776 2030 Tertio,
1808 1950 1857 2016 ut
1874 1930 1969 2019 reli·
2059 1971 2063 1979 =

581 2047 721 2170 gioais
755 2075 918 2162 quoque
942 2042 1081 2154 futuri
1098 2045 1289 2165 magistri
1302 2047 1544 2164 quotidiana
1559 2048 1974 2164 sacraeScripturae,

583 2187 626 2258 et
639 2162 1002 2256 ecclesiasticarum
1020 2162 1280 2251 historiarum
1297 2167 1470 2256 lectione
1494 2167 1767 2267 erudiantur,
1797 2170 1974 2283 comple·

572 2306 822 2401 ¹etantarque
849 2342 864 2383 ,
900 2302 949 2369 ut
969 2284 1124 2370 Paulus
1138 2285 1229 2383 nit,
1253 2284 1421 2397 fidelem
1446 2315 1705 2384 sermonem,
1735 2305 1774 2372 et
1780 2306 1986 2401 potenter

578 2406 667 2495 sint
681 2402 892 2493 exbortnri
923 2402 964 2488 in
982 2403 1168 2489 doctrina
1184 2435 1287 2489 sona
1309 2464 1323 2504 ,
1359 2425 1400 2491 et
1414 2434 1516 2500 eos,
1546 2405 1618 2521 qui
1651 2404 1972 2504 contradicunt,

577 2554 788 2644 arguere.
821 2523 875 2608 Et
897 2520 1082 2637 profecto
1116 2521 1246 2638 siquis
1277 2528 1442 2610 modum
1455 2522 1653 2641 precandi
1670 2523 1768 2610 olim
1796 2554 1822 2608 a
1841 2521 1972 2637 majo·

578 2645 691 2733 ribus
709 2641 906 2730 traditum
931 2640 1153 2758 diligenter
1180 2643 1410 2730 consideret
1468 2646 1597 2758 plone
1627 2641 1865 2761 intelligat,
1896 2646 1974 2727 bo·

582 2792 678 2859 rum
693 2760 875 2847 omnium
888 2761 1149 2875 praeeipuam
1165 2763 1218 2846 ab
1231 2761 1331 2877 ipsis
1344 2759 1520 2847 bobitom
1539 2762 1839 2848 reserationem
1860 2822 1871 2846 .
1891 2763 1977 2846 Sed

570 2880 737 2994 sactum
772 2899 868 2978 est,
898 2879 1030 2964 aescio
1060 2910 1141 2994 quo
1157 2905 1281 2993 pacto
1300 2940 1315 2979 ,
1332 2879 1587 2995 precantium
1613 2878 1863 2995 negligentia
1885 2936 1898 2972 ,
1920 2901 1977 2968 ut

574 3003 784 3118 paulatim
801 3029 827 3086 a
856 2996 1121 3085 sanctissimis
1153 2998 1234 3084 illis
1253 3019 1430 3088 ueterum
1444 3002 1613 3085 Patrum
1631 2995 1832 3085 institutis
1846 2993 1976 3085 disce·

587 3123 754 3205 deretur
778 3180 787 3199 .
807 3115 932 3204 ›Nont
947 3116 1040 3203 libri
1054 3117 1290 3233 Scripturoe
1305 3147 1482 3216 sacrae,
1516 3115 1591 3233 pai
1616 3116 1736 3204 statis
1752 3115 1854 3203 anni
1871 3136 1977 3203 tem·
2091 3188 2101 3198 .

575 3237 747 3354 poribus
761 3236 925 3353 legendi
950 3254 1068 3321 erant
1082 3263 1194 3320 more
1213 3234 1433 3348 majorum,
1457 3240 1536 3351 (ut
1553 3258 1615 3323 est
1643 3236 1684 3321 in
1699 3235 1974 3324 monumentis

584 3353 740 3442 Gelasii
756 3357 906 3468 Papae,
923 3374 962 3439 et
977 3353 1007 3439 C
1008 3352 1145 3440 oacilii
1155 3355 1333 3440 Romani
1350 3352 1772 3476 70.Epistoporum,)
1785 3356 1859 3444 uix
1873 3360 1974 3441 dum

586 3472 763 3589 incoepti
776 3472 1023 3559 omittuntur
1040 3470 1079 3555 in
1097 3471 1181 3558 alio
1199 3472 1397 3560 breviario
1418 3534 1428 3555 .
1471 3473 1576 3560 Tum
1594 3474 1787 3562 bistoriae
1801 3478 1975 3563 Sancto·-

580 3622 674 3681 rum
690 3594 892 3707 quaedam
922 3611 1007 3677 tarn
1023 3590 1236 3691 incultae,
1261 3614 1302 3679 et
1316 3612 1400 3678 tom
1436 3593 1524 3681 sine
1537 3595 1692 3682 delectu
1712 3593 1887 3709 scriptae
1900 3596 1975 3679 ba·

582 3708 785 3799 beaturia
804 3715 942 3797 eodem
964 3771 978 3810 ,
1008 3717 1142 3797 utnec
1155 3711 1442 3800 auctoritatem
1461 3714 1606 3801 babere
1620 3713 1868 3811 ui'cleaarur,
1898 3715 1975 3801 aec
2013 3729 2016 3734 ’

520 3866 521 3869 ‘
580 3829 863 3953 grauitatem.
899 3827 1067 3919 Accedit
1084 3847 1169 3914 tam
1191 3833 1416 3944 perplexus
1450 3838 1586 3930 ordo,
1616 3829 1976 3967 tamquedifficilis

583 3949 786 4072 precandi
799 3949 905 4036 ratio
923 4008 936 4049 ,
969 3968 1015 4035 ut
1035 3947 1236 4033 interdurn
1248 3955 1377 4063 paulo
1393 3951 1525 4036 minor
1539 3980 1658 4065 opera
1673 3950 1715 4034 in
1733 3953 1977 4066 requerendo

579 4090 766 4188 ponatur
785 4127 799 4166 ,
817 4099 958 4184 quarn,
976 4097 1068 4157 cum
1084 4067 1301 4167 inueneris,
1318 4070 1357 4153 in
1367 4070 1567 4188 legendo.
1588 4068 1706 4188 Quid
1722 4095 1979 4185 outemlege·

585 4188 687 4283 tit,
717 4188 841 4295 paulo
873 4210 969 4299 post
988 4211 1184 4274 enarrat.
1219 4186 1347 4299 Quod
1361 4187 1436 4302 ipsi
1459 4186 1856 4289 animadvertentes,
1883 4195 1980 4278 coa·

591 4304 867 4418 ditionemque
882 4326 1138 4422 temporum,
1165 4327 1205 4393 et
1219 4306 1497 4419 infirmitatem
1530 4307 1766 4396 clericorum
1798 4331 1981 4427 spectan-

592 4447 654 4517 tes
687 4421 883 4512 rationem
906 4427 1137 4511 ineumdam
1152 4426 1390 4539 putavimus
1409 4447 1493 4527 ‚ut
1503 4427 1600 4543 pari
1608 4434 1901 4544 propemodum
1915 4430 1982 4514 la·

590 4545 716 4647 bore,
749 4563 795 4631 ut
809 4539 1062 4651 rum-festum
1096 4545 1402 4643 celebrabatur,
1436 4551 1508 4633 sed
1525 4546 1712 4647 minore,
1743 4579 1869 4664 quara
1888 4572 1979 4634 tuat

593 4669 796 4781 agebatur
812 4671 863 4751 ele
884 4662 987 4766 seria
1011 4727 1021 4759 ,
1043 4664 1188 4750 ueteris
1217 4666 1448 4779 testamenti
1472 4697 1660 4787 magna,
1691 4689 1732 4753 et
1763 4665 1979 4753 utilissima

594 4812 726 4902 pars,
754 4802 793 4866 et
809 4805 938 4874 totum
961 4814 1108 4871 nouum
1119 4805 1287 4900 praeter
1295 4809 1453 4902 partem
1474 4786 1737 4905 Apocalypsis
1757 4785 1826 4884 ,in
1844 4809 1983 4901 anuo,

580 4917 634 4993 'et
652 4900 828 5019 singulis
843 4904 1077 5021 septimanis
1094 4906 1247 5020 psalmi
1262 4937 1402 4996 omnes
1412 4911 1752 5028 perlegerentur,
1780 4905 1885 5021 t'erai
1899 4900 1985 4986 sia·

594 5022 710 5144 gulis
733 5022 843 5113 baris
862 5082 877 5125 ,
896 5024 1019 5113 unius
1032 5025 1288 5145 longitudine
1302 5058 1395 5123 cum
1422 5029 1595 5120 alterius
1618 5025 1985 5143 sic-compensata,
