5084 6234
889 743 1547 840 ECCLESlAsTlCls
1612 883 1614 888 Ι
1828 759 1912 886 '⁶³

512 891 708 1018 massyl·
735 887 922 983 releuant
930 889 1091 1012 agmina
1107 889 1284 977 coelitum
1305 949 1315 972 .
1360 889 1438 975 Die
1460 921 1525 1006 19.
1547 889 1689 981 Martii
1705 884 1759 981 ad
1773 883 1909 1019 vesp&

512 1055 576 1114 ras
594 1084 605 1107 .
626 1014 811 1106 Consule
831 1014 936 1101 dicta
958 1016 1001 1095 in
1018 1011 1191 1124 hymno:
1208 1009 1397 1095 Caelitum
1419 1014 1573 1128 loseph.

513 1141 569 1231 Te
581 1139 681 1227 lucis
696 1155 788 1225 ante
806 1130 1024 1220 teterrinum.
1044 1122 1113 1215 Ad
1146 1127 1482 1245 completorium.
1522 1132 1562 1217 S.
1582 1131 1771 1250 Gregorii
1790 1136 1907 1256 apud-

513 1259 757 1377 Gregorium
775 1250 1097 1338 valentianum.

509 1377 712 1486 „Telluris
726 1375 825 1461 alne
839 1368 1022 1458 conditor.
1049 1364 1331 1472 olim,Telluris
1351 1368 1392 1452 in
1421 1369 1910 1468 enscondiror.Ferialll··

508 1501 565 1586 ad
580 1489 789 1613 vesperas,
804 1488 1069 1576 &Ambrosii
1088 1519 1138 1577 ex
1159 1493 1214 1590 V.
1229 1486 1359 1573 Carth
1415 1481 1628 1578 holnatio.

510 1623 568 1706 Te
581 1617 756 1734 splendor
770 1639 808 1695 er
820 1608 939 1696 virtus
954 1604 1094 1696 Patris.
1106 1609 1216 1713 olim,
1234 1605 1330 1696 Tibi
1347 1606 1509 1698 Christe
1527 1608 1718 1728 splendor
1753 1609 1879 1703 Panis
1892 1671 1909 1706 .

510 1737 589 1821 Die
608 1736 649 1818 8.
672 1730 775 1845 hlaji
792 1731 846 1815 ad
857 1757 1069 1845 vesperas.
1089 1731 1199 1815 Olim
1219 1753 1305 1813 erat
1334 1756 1495 1815 carmen
1528 1730 1814 1836 trochaicum
1843 1761 1917 1823 ne-

507 1854 619 1956 scio,
645 1881 719 1938 cur
739 1848 914 1936 llomani
932 1873 1173 1934 correctores
1190 1869 1362 1934 metrum
1392 1874 1634 1937 mutarunt.

575 1975 670 2089 189.
724 1968 868 2057 Tristes
912 1986 1024 2054 eram
1050 1968 1259 2084 Apostoli.
1294 1966 1342 2049 ln
1375 1969 1585 2056 communi
1616 1966 1911 2089 Apostolorum

511 2119 685 2209 ternpore
703 2088 879 2208 paschali
896 2088 952 2171 ad
968 2115 1178 2204 vesperas.
1901 2111 1922 2138 ··

509 2211 711 2297 Tunatnle
745 2210 867 2294 solum
881 2231 1069 2323 protege,
1099 2225 1145 2291 ru
1165 2210 1314 2293 bonae.
1345 2207 1427 2294 Die
1453 2238 1521 2343 30·
1543 2209 1728 2304 Januarii
1758 2209 1912 2300 adlau-

511 2329 607 2429 des,
624 2356 716 2444 pars
733 2325 877 2439 hymni
897 2356 907 2409 ε
925 2326 1125 2415 Martiana
1140 2327 1273 2413 celebri
1286 2389 1299 2428 ‚
1314 2331 1476 2416 Urbant
1492 2327 1600 2412 Vlll.
1622 2388 1633 2413 .

513 2450 575 2534 Tu
597 2446 795 2533 Trinitatis
812 2443 941 2531 unitas
958 2504 968 2527 .
987 2444 1098 2527 feria
1116 2446 1192 2530 Vl.
1218 2446 1273 2531 ad
1290 2447 1539 2536 matutinum
1560 2445 1719 2534 .Prima
1742 2447 1921 2565 stropha·

506 2566 649 2654 eadem
666 2592 723 2655 est
740 2566 783 2653 in
801 2564 901 2652 sesto
918 2565 986 2649 SS.
1003 2561 1216 2653 Trinitatis
1243 2567 1298 2653 ad
1314 2564 1457 2654 laudes
1475 2627 1486 2652 .
1513 2566 1763 2653 Hincmarus
1793 2568 1912 2658 hunc

505 2684 709 2798 hymnum
727 2685 920 2773 adscribit
947 2686 988 2769 S.
1007 2683 1227 2773 Ambrosio
1256 2684 1299 2771 in
1327 2688 1459 2775 lihde
1482 2715 1561 2770 nou
1595 2687 1700 2773 tritta
1718 2684 1907 2792 Deirate;

508 2805 789 2923 consentitque
807 2802 1072 2918 hymnarium
1096 2803 1492 2897 Card.'Thomasii.
1526 2804 1654 2895 Deest
1686 2803 1729 2891 in
1763 2805 1927 2895 editio-'-

509 2939 561 3014 n'e
578 2925 872 3012 Maurinorum
893 2984 903 3007 .

509 3063 545 3151 ,‚'
558 3045 658 3136 Veni
668 3046 824 3133 Creator
838 3041 1023 3162 Spiritus.
1035 3047 1079 3132 ln
1096 3043 1196 3133 sesto
1215 3045 1462 3133 Pentecosten
1479 3042 1535 3133 ad
1552 3071 1750 3162 vesperas·
1762 3039 1914 3131 Silta·

512 3162 639 3256 brosii
654 3166 766 3251 hunc
784 3168 988 3281 hymnum
1004 3191 1084 3253 csse
1104 3187 1255 3283 nega-nr
1287 3165 1374 3280 ejus
1391 3193 1562 3283 operum
1585 3164 1761 3253 editores
1779 3162 1911 3251 Mau·

513 3281 627 3384 rini3
653 3311 786 3397 neque
807 3286 849 3370 in
868 3284 1095 3397 hymnariis
1113 3282 1244 3371 Card.
1261 3282 1473 3371 Thomasii
1506 3282 1558 3369 illi
1587 3283 1803 3380 tribuitur.
1831 3283 1914 3370 Di·
2087 3335 2095 3356 .

510 3401 617 3492 citur
630 3433 710 3491 esse
730 3404 874 3491 Caroli
893 3406 1146 3521 Imperatoris
1172 3405 1213 3488 in
1232 3406 1315 3495 vita
1339 3409 1386 3492 B.
1402 3403 1571 3491 Notlceri
1587 3405 1657 3523 (1)
1677 3465 1688 3490 .

512 3521 677 3616 Versum
712 3554 915 3642 supernum
940 3523 1203 3639 prodiens-E
1219 3523 1345 3611 Patris
1368 3585 1379 3608 .
1408 3522 1626 3612 Dominica
1670 3515 1802 3642 prima
1819 3515 1914 3609 nd-

509 3668 657 3732 ventus
672 3644 728 3730 ad
747 3644 1021 3730 matutinum.
1037 3643 1277 3730 Timotheus
1294 3669 1499 3731 auctorem
1516 3642 1641 3761 hujus
1655 3639 1801 3757 hymni
1814 3639 1909 3734 vult

513 3787 596 3850 este
612 3766 655 3851 S.
673 3764 879 3851 Thomam
896 3762 1085 3879 deceptus
1108 3762 1223 3850 simili
1242 3761 1443 3901 princiyio
1459 3761 1608 3879 hymni
1621 3760 1857 3877 sequentis.

517 3877 682 3971 Verbum
698 3913 903 4005 supernum
915 3882 1095 4000 prodiens
1111 3946 1125 3983 ,
1142 3883 1260 3969 -Nec
1278 3884 1431 3970 Putris.
1457 3884 1503 3967 ln
1519 3880 1619 3969 festo
1651 3882 1723 3968 SS.
1743 3878 1913 4002 Corpo-

513 3990 571 4084 ris
585 3999 740 4093 Christi
763 4067 773 4088 .
805 4008 996 4118 llymnos
1013 4001 1137 4117 hujus
1151 4000 1238 4088 festi
1255 4066 1268 4103 ‚
1288 4028 1499 4118 totumque
1533 4002 1714 4094 officium
1745 4029 1909 4124 compo·

511 4115 598 4229 sirit
613 4119 654 4204 S.
668 4121 877 4212 Thomas.
908 4125 987 4209 Hic
1015 4120 1178 4208 canitur
1198 4122 1252 4206 ad
1269 4123 1430 4210 laudet.

514 4291 544 4336 ss
563 4235 712 4328 Vecillo
727 4244 844 4362 Regis
873 4242 1092 4361 prodeunt.
1124 4240 1342 4328 Dominica
1377 4239 1579 4332 Passionis
1610 4239 1665 4334 ad
1694 4262 1928 4359 vesperas.¹

518 4351 790 4477 Theodulpho
803 4427 817 4464 ‚
831 4391 904 4452 seu
918 4360 1137 4448 Theodulo
1154 4363 1268 4447 hunc
1285 4362 1489 4475 hymnum
1516 4361 1659 4452 tribuit
1674 4356 1914 4447 Benzonius

528 4474 910 4592 tpudGavantum,
938 4479 1104 4571 Sedulio
1123 4483 1223 4584 alii,
1254 4484 1480 4573 Fortunato
1511 4479 1718 4570 Batonius
1746 4473 1803 4565 ad
1833 4501 1914 4569 an·

537 4599 615 4690 lim
633 4597 730 4715 566.
751 4632 795 4689 n.
809 4630 876 4722 35.
891 4667 908 4709 ,
924 4628 963 4691 er
979 4594 1228 4692 Thomasius
1244 4598 1316 4720 (a)
1332 4657 1348 4691 .

1516 4715 1617 4811 xa

558 4869 625 4967 ⁵0)
648 4875 809 4992 halland.
824 4901 889 4956 et.
909 4882 1041 4977 Aprilis
1061 4885 1185 4981 only.
1247 4883 1391 4979 giranus
1409 4881 1535 4983 antiq.
1553 4880 1679 4957 aceles.
1700 4876 1824 4978 libna.
1838 4890 1933 4993 tay.¹

566 4979 620 5072 (a)
644 4973 726 5052 hon
742 5004 855 5079 aequo
873 4983 1073 5060 animoiert
1098 4979 1185 5061 su·
1246 5004 1282 5060 a.
1301 4988 1333 5078 ς.
1348 5005 1417 5081 90,
1445 4999 1579 5063 tanum
1591 4998 1796 5067 maturent
1824 4979 1910 5056 hare
