5084 6234
852 839 1512 934 nc‘ccnsrasrrcrs
1794 848 1886 961 1⁸3-

493 980 668 1072 diaerset
684 1011 872 1071 mensura
891 1044 901 1064 .
936 982 999 1069 Sic
1014 984 1058 1068 in
1076 983 1252 1071 carmine
1267 990 1432 1074 seculari
1449 987 1515 1074 hic
1534 1015 1702 1086 versus,
1733 985 1879 1092 Curet,

470 1129 529 1204 ‚a
541 1104 639 1191 uotis
646 1133 853 1221 puerorum
870 1102 1043 1204 amicos,
1078 1104 1355 1213 proferebatur
1381 1106 1423 1189 in
1444 1133 1569 1193 cantu
1591 1169 1604 1205 ,
1629 1107 1745 1192 Curet
1762 1128 1800 1190 et
1817 1134 1883 1194 vo·

489 1222 704 1342 tispueror'
716 1222 889 1321 amicos,
917 1224 1034 1330 quod
1052 1231 1104 1311 ab
1129 1229 1205 1308 hac
1222 1250 1358 1311 nostra
1377 1225 1672 1312 consuetudine
1688 1226 1879 1313 abhorret

492 1341 713 1461 plurimum
734 1404 745 1426 .
772 1340 896 1456 Igitur
915 1342 1018 1425 ratio
1036 1340 1306 1445 discriminis,
1338 1374 1412 1432 cur
1426 1375 1563 1433 versus
1579 1341 1740 1431 alterius
1756 1372 1881 1458 gene·

493 1461 579 1562 ris,
609 1461 682 1575 qui
699 1461 933 1546 harmonice
959 1459 1141 1573 antiquis
1167 1488 1391 1567 sonarent,
1424 1464 1703 1551 ecclesiasticae
1731 1461 1883 1548 modu-

492 1575 638 1668 lationi
654 1580 791 1664 minus
806 1606 1062 1698 congruant,
1084 1580 1312 1668 necessario
1331 1584 1503 1699 petenda
1521 1608 1640 1670 estex
1657 1578 1882 1672 diuersitate

493 1697 783 1799 modulorum,
811 1730 917 1813 quos
932 1698 1091 1814 antiqui
1110 1700 1174 1785 his
1186 1700 1368 1790 versibus
1386 1705 1694 1820 applicuerunt.
1717 1704 1882 1790 Possent

436 1909 442 1919 ¹
494 1816 604 1902 enim
622 1817 893 1921 recentiores,
921 1817 993 1933 qui
1022 1847 1214 1905 numeros
1247 1820 1422 1908 musicos
1456 1819 1633 1908 orationi
1648 1820 1802 1904 solutae
1822 1848 1886 1908 ac·

497 1939 791 2040 commodant,
823 1938 1005 2028 versibus
1045 1937 1248 2055 sapphicis
1277 1937 1397 2025 libere
1432 1939 1652 2029 liuentibus
1686 1939 1885 2024 idoneum

497 2080 745 2144 concentum
761 2085 975 2170 quaerere;
1003 2056 1073 2141 sed
1089 2085 1186 2143 cum
1203 2054 1321 2173 primi
1341 2085 1524 2147 auctores
1539 2087 1685 2148 cantus
1700 2056 1888 2144 ecclesia·

497 2173 584 2261 ttici
615 2173 788 2261 musicas
819 2203 935 2263 noras
955 2204 1029 2290 pro
1060 2175 1244 2266 versibus
1274 2177 1497 2292 sapphicis,
1517 2203 1557 2266 et
1600 2174 1888 2294 asclepiadeis,

495 2295 629 2404 quales
660 2294 899 2380 necessarios
914 2324 993 2380 esse
1026 2294 1231 2394 diximus,
1260 2295 1550 2396 condiderint,
1585 2293 1892 2414 oportetomni·

496 2437 553 2495 no
568 2477 583 2515 ,
600 2441 647 2499 ut
663 2413 807 2521 hymni
825 2418 879 2498 ad
894 2415 967 2498 has
985 2412 1085 2529 leges
1100 2410 1293 2514 musicas,
1313 2441 1421 2526 quae
1438 2414 1576 2530 vigent
1591 2477 1605 2515 ,
1620 2437 1887 2501 revocentur.

561 2533 659 2617 208.
689 2532 813 2618 Enim
831 2562 923 2622 uero
939 2533 971 2617 si
988 2532 1031 2616 in
1046 2534 1204 2619 theatro
1225 2529 1380 2618 musico
1398 2533 1532 2621 ltalico
1552 2531 1580 2617 ii
1596 2530 1886 2651 praeferuntur

497 2676 670 2767 poetae,
698 2651 770 2767 qui
789 2680 1019 2738 mensuram
1036 2649 1267 2738 carminum
1281 2637 1472 2738 modulis¹
1488 2651 1650 2741 musicis
1666 2649 1790 2749 scire,
1816 2678 1893 2767 ap·

499 2792 619 2883 teque
636 2770 1032 2861 accommodaverim
1048 2833 1061 2872 ,
1078 2797 1126 2858 ur
1141 2770 1297 2857 erudire
1315 2769 1563 2861 demonstrat
1587 2770 1636 2858 cl.
1653 2768 1892 2886 Stephanus

496 2884 760 3007 Arteaga(1)
784 2951 797 2987 ,
824 2918 984 3005 quanto
1015 2888 1165 3010 potiori
1188 2889 1536 3006 jure'enitendum
1565 2917 1654 2991 est,
1684 2914 1731 2974 ut
1747 2881 1892 2995 hymni

495 3004 539 3090 in
557 3006 729 3096 ecclesiis
746 3009 993 3099 concinendi
1012 3010 1160 3127 regulis
1174 3008 1338 3096 musicis
1356 3008 1398 3092 in
1414 3010 1555 3129 primis
1574 3004 1891 3125 respondeant?

495 3120 617 3238 Quae
634 3130 810 3218 musicae
826 3155 1035 3244 praecepta
1052 3128 1180 3244 siquis
1208 3128 1252 3211 in
1265 3126 1432 3213 ‘ecclesia
1452 3126 1693 3245 negligenda
1710 3152 1791 3213 esse
1809 3121 1894 3242 du·

496 3242 602 3332 sterit
624 3305 639 3345 ,
670 3250 909 3363 gravissimo
924 3273 1089 3334 auctore
1106 3246 1336 3336 revincetur
1353 3244 1397 3332 S.
1420 3245 1620 3365 Gregorio
1639 3231 1901 3361 Magnomui

498 3360 683 3451 decorem
720 3393 866 3454 cantus
892 3365 1142 3455 ecclesiastici
1177 3365 1472 3483 diligentissime
1487 3364 1722 3485 promovit,
1757 3385 1824 3466 et,
1843 3385 1893 3454 ut

499 3480 619 3567 refert
651 3485 803 3573 Paulus
821 3488 1032 3573 Diaconos
1060 3486 1159 3600 (2),
1187 3487 1365 3572 Srlrolrrm
1382 3517 1528 3603 quoque
1557 3507 1753 3573 cantorum
1774 3509 1895 3596 ,quoe

496 3599 676 3689 hactenus
707 3606 846 3692 eisdem
877 3603 1180 3690 institutionibus
1201 3606 1241 3690 in
1259 3606 1410 3689 S.R.E.
1428 3607 1672 3702 modulatur,
1700 3597 1892 3687 instituite

398 3809 404 3816 ,
495 3718 603 3835 rique
632 3754 718 3810 curn
737 3722 931 3809 nonnullis
949 3720 1119 3840 proediis
1133 3726 1210 3807 duo
1224 3722 1437 3806 habitaculo
1445 3720 1651 3832 fabricauit
1667 3755 1677 3805 :
1694 3718 1760 3806 ubi
1773 3745 1890 3832 usque

495 3838 608 3926 bodie
638 3847 757 3930 lectus
771 3844 882 3959 ejus,
906 3842 947 3925 in
976 3868 1053 3956 quo
1083 3843 1266 3929 recubans
1295 3840 1592 3938 modulabatur,
1617 3864 1662 3924 -et
1682 3834 1887 3955 flagellum

494 3959 650 4072 ipsius,
691 3993 765 4079 quo
780 3960 907 4079 pueris
920 3959 1165 4061 rninobntur,
1193 3957 1431 4044 veneratione
1446 3988 1616 4076 congruo
1632 3961 1885 4043 reseruntur.

495 4077 608 4162 Idem
618 4082 797 4169 studium
816 4105 956 4177 cautus
967 4078 1215 4168 ecclesiastici
1225 4076 1470 4184 reformandi
1483 4076 1662 4166 imitatus
1671 4102 1727 4161 est
1742 4072 1893 4159 Adria·

490 4197 584 4304 ‚nus
602 4196 634 4279 1.
653 4262 663 4284 .
700 4202 746 4283 ln
764 4197 958 4320 Hispania
980 4198 1057 4282 hoc
1074 4200 1208 4285 seculo
1226 4197 1394 4283 ineunte
1424 4194 1563 4283 floruit
1586 4197 1763 4295 loannes
1782 4193 1893 4278 Inre-

498 4312 595 4407 tian
611 4312 660 4403 de
678 4320 846 4435 Ayala,
877 4317 1023 4408 exteris
1048 4346 1216 4436 quoque
1243 4340 1399 4423 notus,
1424 4343 1465 4408 et
1493 4314 1667 4406 maxime
1695 4309 1895 4438 laudatu'p

489 4578 607 4673 ‘magis
621 4587 660 4665 R.
674 4577 786 4652 littera
802 4630 813 4663 ,
830 4604 930 4680 quam
944 4599 1071 4654 ceterae
1085 4601 1159 4652 rort-
1221 4591 1295 4649 trra
1312 4579 1505 4665 elrrrrrorlr',
1539 4597 1626 4670 quae
1644 4595 1719 4642 trrrr
1745 4568 1894 4646 attolle

495 4694 649 4749 sonantes
666 4728 676 4759 ,
705 4679 858 4777 patitur,
882 4704 974 4778 quae
992 4682 1081 4777 prtia
1097 4682 1159 4751 lrr'·
1220 4678 1402 4756 licuntur,
1433 4676 1496 4745 rite
1511 4674 1619 4744 litere
1635 4684 1758 4742 rorant
1773 4717 1785 4743 .
1799 4670 1892 4742 >cu-

494 4775 567 4847 rlus
595 4778 796 4850 naturaliter
810 4794 929 4856 sonat,
962 4781 1077 4850 durior
1093 4775 1160 4867 effl-
1221 4798 1259 4847 ca
1276 4797 1395 4844 versus
1410 4769 1613 4863 spondairos
1632 4770 1673 4838 V.
1691 4768 1900 4866 Bedeeopi-

495 4873 587 4944 citur
600 4890 661 4946 ete.
680 4925 690 4945 .
711 4927 747 4948 ..
766 4880 869 4968 Qud
887 4879 985 4948 rrr'arrr
1005 4880 1039 4948 irr
1053 4878 1163 4948 canrr.
1221 4877 1440 4944 ninnem'non
1453 4891 1575 4942 ornnes
1594 4869 1788 4957 probabunt
1805 4913 1817 4937 .

497 4963 583 5041 lenit
598 4974 831 5046 erelariarticr‘r
847 4993 1030 5071 sceptrum
1047 4975 1159 5046 ntem
1269 4983 1326 5056 (ι)
1345 4970 1381 5040 lo
1397 4991 1461 5041 suo
1472 4987 1576 5060 opere
1588 4969 1630 5039 de
1646 4969 1779 5039 musico
1790 4967 1891 5038 thu·

497 5065 611 5142 littera
621 5070 735 5159 latere
750 5089 991 5147 murmurant
1003 5123 1015 5156 ,
1029 5075 1089 5173 qrrr'
1102 5093 1164 5143 atr·
1220 5087 1277 5146 tro
1290 5067 1414 5140 italico
1425 5086 1554 5139 tonat.
1573 5079 1692 5155 capu,

494 5166 677 5270 tiphoeus,
703 5172 763 5248 vel
777 5173 1011 5273 responsoria,
1037 5173 1097 5248 uel
1109 5193 1166 5243 ce·
1268 5178 1324 5262 (ι)
1348 5166 1389 5244 Iu
1408 5168 1485 5251 eiua
1501 5165 1574 5241 vita
1598 5188 1673 5260 cap.
1689 5168 1723 5237 6.
1743 5160 1846 5236 lib-a·
