5084 6234
702 817 808 930 2764
1094 797 1097 804 ’
1138 814 1248 912 H'Y'
1270 813 1464 902 Mitt)
1494 809 1678 898 D³.l.'Aj

940 956 1140 1046 Tristibus
1168 960 1251 1076 jam
1281 960 1362 1075 jam
1391 959 1515 1049 video
1545 958 1675 1047 ruinis
1715 990 1720 1002 ·

938 1078 1089 1161 Protesi
1121 1076 1287 1194 frugum
1318 1110 1391 1196 per
1426 1110 1597 1166 amoena
1633 1096 1827 1195 campos,¹

937 1197 1106 1309 Jamque
1136 1195 1330 1283 festinant
1358 1198 1443 1281 fera
1477 1198 1683 1285 bellicosae

1118 1314 1300 1431 Agmina
1331 1313 1489 1432 gentis.

705 1545 772 1636 'Ad
786 1543 924 1636 lond:
944 1504 1006 1639 Si
1030 1577 1167 1638 tamen
1200 1553 1420 1669 quondam·
1445 1552 1662 1672 periniqua
1695 1571 1860 1669 patrum

941 1673 1063 1758 Pacta
1092 1671 1274 1763 conversi
1307 1672 1472 1758 doleant
1504 1694 1699 1787 nepotes,

939 1792 993 1880 Et
1024 1795 1160 1878 Deum
1188 1792 1376 1907 placent,
1404 1788 1567 1876 meliora
1598 1786 1737 1905 primis

1124 1911 1265 1993 Secula
1292 1933 1489 1993 current.

944 2023 1086 2140 Majus
1116 2048 1294 2141 assurget
1326 2026 1479 2126 decus,
1501 2045 1540 2110 et
1558 2021 1771 2112 micabunt

942 2142 1107 2232 Bellicae
1143 2143 1284 2261 juncta
1318 2144 1461 2258 pietate
1497 2140 1669 2243 laudes,

941 2262 1149 2375 inclytum
1184 2261 1271 2347 latis
1302 2259 1506 2349 resonabit
1538 2259 1619 2345 oris

1123 2384 1288 2468 Nomen
1308 2375 1477 2467 ‘Iberum
1496 2442 1507 2464 .

944 2499 1055 2586 Haec
1079 2498 1172 2614 pius
1202 2524 1336 2586 vates:
1369 2498 1503 2617 patuit
1530 2499 1678 2586 secutis

946 2617 1107 2704 Veritas
1143 2620 1294 2715 rebus,
1324 2616 1422 2735 juga
1452 2647 1571 2710 saeva
1588 2617 1730 2702 Mauri

948 2730 1080 2853 Fregit
1110 2734 1348 2850 Hispanus,
1380 2765 1486 2821 nova
1516 2735 1615 2826 vicit
1646 2733 1756 2821 orbis

839 2935 873 2955 „
1123 2856 1263 2969 Regna
1300 2852 1442 2969 reperti
1463 2913 1474 2932 .

944 2969 1088 3087 Pergat
1116 2996 1165 3058 ut
1194 2970 1336 3089 longos
1362 2972 1497 3060 honor
1529 2969 1595 3055 hic
1627 2998 1698 3086 per
1726 2996 1861 3060 annos

943 3086 994 3170 ln
1023 3087 1106 3176 dies
1140 3114 1316 3190 auctus,
1349 3088 1489 3206 populi
1522 3086 1702 3205 rogantis

944 3206 1192 3296 Promovens
1223 3232 1350 3293 rectos
1378 3206 1529 3293 Isidore
1562 3206 1704 3294 sensus

1127 3328 1237 3410 Vota
1262 3324 1486 3411 secundes.

710 3548 901 3607 occurrunt
919 3581 929 3606 .
958 3537 1009 3609 Ex
1023 3538 1204 3633 hymnario
1221 3538 1375 3609 Mozata·
1433 3536 1627 3632 Hispalensi
1643 3561 1728 3610 anno
1742 3535 1942 3631 1659nypis
1958 3554 2100 3632 excusos
2147 3601 2150 3606 .

705 3634 787 3705 bico
811 3636 952 3707 eandem
966 3634 1175 3709 locutionem
1205 3637 1296 3707 trino
1312 3659 1374 3707 no·
1434 3639 1482 3708 At
1514 3662 1693 3711 vesonum
1724 3641 1870 3726 hymnus
1886 3628 2099 3724 Hispalensis

705 3735 795 3805 mine
822 3734 855 3805 in
887 3734 1106 3807 annotatione
1132 3736 1174 3807 ad
1203 3735 1293 3807 diem
1312 3756 1371 3821 ις.
1434 3760 1498 3829 pro
1515 3760 1554 3807 ea
1569 3738 1779 3830 potissimum
1797 3732 2100 3818 dioecesi-compo·

693 3830 797 3916 'lolii
826 3830 919 3903 aliud
952 3856 1053 3928 agens
1083 3832 1300 3914 describam,
1330 3842 1372 3905 Et
1433 3834 1517 3906 situs
1533 3834 1661 3916 fuerit,
1691 3833 1903 3924 superiorem
1929 3834 2097 3921 hymnum

709 3949 809 4000 unum
827 3938 933 4001 Deum
950 3953 1093 4025 sequens
1107 3933 1193 4002 trino
1213 3932 1373 4002 nomine.
1435 3952 1644 4015 recentem3
1684 3933 1742 4025 qui
1772 3928 1929 4000 omnibus
1969 3924 2097 4015 Hispa·

710 4022 812 4095 Hunc
826 4048 891 4117 ego
902 4030 1067 4121 hymnum
1083 4026 1373 4120 praestantissimo
1434 4028 1507 4100 niae
1525 4028 1683 4102 Ecclesiis
1701 4026 1896 4120 promiscue
1910 4020 2099 4104 convenit,

682 4149 687 4160 ¹
710 4122 860 4193 Doctoti
887 4124 1021 4196 Isidoro
1035 4123 1230 4197 dedicatum
1260 4126 1374 4197 confe·
1433 4130 1505 4198 hoc·
1525 4128 1601 4199 loco
1631 4127 1846 4198 inserendum
1879 4147 1950 4196 esse
1978 4118 2099 4193 existi·

716 4240 853 4300 cetam,
881 4242 959 4293 cunt
989 4223 1020 4293 in
1048 4221 1152 4294 alium
1180 4222 1280 4317 longe
1305 4223 1375 4296 eie·
1435 4227 1551 4296 mavi:
1579 4225 1757 4319 antiquum
1779 4242 1892 4295 autem
1919 4216 2101 4313 Hispalen-

720 4320 934 4413 gonnorem,
962 4336 995 4390 et
1009 4321 1050 4389 ad
1078 4343 1196 4391 omnes
1226 4320 1374 4393 latinita·
1434 4346 1504 4395 setn
1519 4323 1668 4396 libenter
1681 4326 1850 4416 adiungo,
1865 4319 1980 4414 paucis
1993 4314 2101 4389 versi&

719 4415 1036 4512 tisscarminisque
1050 4413 1140 4509 leges
1153 4436 1311 4490 exactum
1330 4422 1377 4490 in·
1437 4422 1499 4492 bus
1520 4422 1686 4508 mutatis,
1718 4441 1758 4497 ut
1782 4418 1977 4495 harmoniae
2018 4422 2100 4486 con·¹

722 4515 810 4599 cidi,
838 4516 896 4617 qui
921 4532 1011 4592 extat
1026 4513 1060 4588 in
1087 4513 1215 4589 Officio
1232 4517 1375 4613 proprio
1436 4517 1569 4595 sulam.
1864 4612 1870 4627 Ι
1918 4548 1920 4552 ·
