5084 6234
850 820 1540 916 EOGLESlASTlClS·
1792 826 1874 943 167

484 967 678 1058 Diacono
690 965 962 1082 antiquiorem
978 998 1057 1056 esse
1075 970 1115 1055 S.
1130 968 1300 1067 loannis
1316 971 1520 1083 hymnum
1535 972 1763 1090 suspicatur
1781 972 1884 1056 Era·

482 1119 625 1189 amus,
648 1087 722 1200 qui
756 1112 961 1174 auctorem
992 1089 1099 1180 illius
1125 1094 1166 1178 S·
1189 1088 1391 1176 Hilarium
1431 1092 1552 1177 luisse
1589 1091 1757 1200 coniicit
1774 1118 1787 1190 3
1807 1090 1879 1175 secl

484 1207 596 1300 nulla
620 1207 715 1293 satis
751 1208 897 1295 idonea
930 1209 1185 1326 conjecturae
1227 1208 1413 1297 ratione.
1451 1208 1612 1297 Videsia
1647 1208 1879 1298 (iudinde

486 1328 672 1447 Scriptor.
700 1328 844 1413 Eccles.
872 1332 987 1416 sccul.
1006 1357 1048 1444 4.
1068 1332 1178 1416 Tom.
1203 1358 1239 1414 1.
1254 1330 1325 1418 col.
1347 1357 1447 1447 453.
1469 1329 1697 1417 Paciaudus
1712 1354 1881 1445 quoque

483 1448 653 1540 Dissert.
673 1474 715 1561 4.
736 1477 823 1562 cop.
844 1448 885 1533 6.
902 1452 949 1531 de
963 1452 1066 1537 cultu
1079 1453 1255 1549 &loom
1274 1453 1373 1563 Brrp.
1394 1450 1530 1535 refellit
1546 1448 1788 1550 Canisium,
1805 1444 1881 1559 qui

482 1568 793 1656 commentanda
813 1567 927 1655 Verbi
939 1569 1017 1654 Dei
1030 1568 1251 1687 corruptelis
1271 1570 1337 1655 lib.
1359 1598 1397 1653 1.
1420 1572 1467 1655 de
1483 1574 1603 1655 Puero
1613 1572 1763 1666 Ioanne
1789 1566 1884 1682 opi·

484 1686 655 1773 trionem
671 1684 823 1769 Erasmi
853 1686 986 1776 fuerat
1003 1690 1211 1807 amplexus
1230 1749 1240 1771 .
1268 1688 1348 1773 Sed
1370 1692 1537 1793 nescio,
1564 1716 1638 1777 cur
1654 1686 1717 1777 vir
1733 1691 1884 1776 doctus

482 1802 675 1893 Abderam
690 1806 894 1897 vocaverit
925 1807 1163 1900 Gnidonem
1192 1807 1443 1914 Aretinum3
1468 1840 1543 1907 nec
1568 1836 1732 1898 causam
1757 1805 1884 1897 ullam

485 2075 605 2161 peras,
636 2064 777 2157 inquit,
807 2064 1071 2150 Masarberam,
1101 2088 1158 2139 se·
1215 2065 1428 2162 proferent,
1459 2088 1527 2161 ego
1566 2063 1729 2141 historiae
1755 2062 1886 2137 verita·

485 2174 578 2259 pterrr
609 2178 765 2235 rotarum
799 2188 923 2239 nouam
951 2164 1153 2264 facilemque
1214 2184 1283 2242 tem
1299 2166 1461 2240 vindico.
1496 2167 1616 2240 Hocce
1636 2161 1883 2240 musicaeartis

488 2281 584 2344 asara
617 2264 815 2333 edocturus:
836 2285 870 2338 et
898 2290 972 2358 cap.
996 2267 1051 2336 18.
1072 2266 1153 2337 Gla·
1215 2265 1458 2360 compendium
1471 2265 1886 2359 Romaeimpressumang·

489 2357 561 2430 rior
585 2379 706 2431 novam
734 2361 820 2435 banc
843 2368 942 2438 viana
966 2366 1143 2462 aperuisse.
1215 2388 1259 2436 no
1276 2368 1382 2451 1669.
1398 2362 1430 2433 in
1462 2361 1625 2433 Romanis
1643 2360 1790 2455 publicis
1819 2357 1885 2431 Bi·

487 2454 629 2547 Quodsi
660 2459 703 2528 cl.
733 2461 882 2559 Arreaga
912 2462 1153 2536 Caramuelem
1214 2460 1399 2534 bliothecis
1417 2469 1433 2554 (
1450 2458 1525 2553 quis
1541 2462 1727 2531 erederet?
1749 2466 1763 2540 )
1784 2479 1888 2551 repe·

489 2552 629 2647 legisset
643 2602 654 2636 ,
667 2556 741 2649 iqui
758 2560 847 2635 inter
860 2588 919 2637 sua
933 2586 1038 2655 opera
1059 2571 1155 2634 Com-
1216 2559 1286 2635 rire
1316 2584 1382 2633 non
1409 2558 1534 2652 potui.
1560 2559 1645 2631 Ideo
1660 2580 1703 2631 ex
1732 2554 1886 2630 Nicolao

484 2656 646 2752 perediam
656 2658 730 2740 eius
744 2662 840 2734 Artis
857 2680 1030 2745 recenset,
1043 2662 1156 2756 (quod
1213 2662 1366 2736 Antonio
1381 2657 1581 2731 nonnullam
1597 2656 1831 2753 cognitionem
1845 2652 1890 2726 il·

488 2753 596 2826 veluti
614 2754 791 2831 divinabat
816 2766 992 2858 Arteaga)
1009 2759 1153 2834 aut-sal·
1217 2758 1283 2832 lius
1296 2757 1435 2832 haurire
1452 2778 1596 2831 conatus
1621 2781 1722 2829 aum.
1747 2754 1813 2826 Sed
1827 2774 1891 2825 ve·

489 2868 558 2923 tem
574 2852 760 2932 Nicolaum
777 2860 1015 2936 Antoniumirr
1036 2857 1157 2942 uerbo,
1216 2880 1323 2940 reor,
1365 2877 1403 2930 ut
1431 2857 1667 2929 Bibliothecae
1711 2851 1888 2945 Hispanae

489 2957 607 3024 Pmm
622 2957 758 3038 ‘Mas
786 2984 852 3033 ιιοιι
881 2965 968 3035 adeo
999 2963 1153 3055 igriotum
1218 2976 1342 3032 auctor
1372 2955 1589 3028 caramuelis
1632 2967 1779 3024 mentem
1807 2949 1888 3022 satia

488 3051 578 3123 bunc
594 3052 767 3129 hominem
783 3059 1047 3143 existimassem„
1063 3064 1103 3135 ln
1121 3077 1157 3127 re
1218 3056 1325 3126 luerit
1355 3070 1550 3128 assecutus.
1582 3052 1672 3125 Nam
1705 3049 1738 3121 in
1765 3048 1888 3122 Diaria

495 3195 522 3233 a,
537 3148 666 3222 musica
681 3202 693 3236 ,
710 3154 819 3253 inquit
835 3160 1029 3240 Antonius,
1052 3177 1158 3249 usque
1217 3154 1457 3226 litteratarum
1473 3163 1598 3238 Romae
1616 3145 1773 3237 1669ita
1788 3167 1890 3221 enun-

491 3291 519 3330 ι,
544 3269 588 3316 eo
603 3250 771 3339 proiecit,
802 3277 840 3331 ut
854 3259 983 3344 reiectis
996 3253 1158 3329 Guidcnis
1217 3253 1329 3326 ciatur
1347 3255 1428 3323 haec
1450 3262 1524 3322 ,Ars
1540 3271 1655 3332 nova,
1685 3245 1757 3321 sive
1774 3245 1890 3340 potius

489 3389 516 3429 „
537 3348 805 3437 aestimaretis,
842 3382 922 3449 quas
942 3355 1156 3456 ingeniorum
1216 3367 1315 3427 vetas
1332 3352 1513 3430 restituta,
1541 3369 1578 3421 ut
1597 3349 1629 3422 in
1643 3370 1686 3420 eo
1701 3346 1812 3439 posita
1827 3345 1885 3430 sit,

488 3488 513 3528 „
530 3463 669 3520 crucem
691 3452 935 3540 existimabat,
961 3461 1001 3531 ad
1021 3451 1154 3546 simpli·
1217 3454 1338 3545 quod,
1370 3474 1448 3522 cum
1466 3448 1599 3521 Octava
1616 3447 1648 3518 in
1664 3461 1795 3537 septem
1811 3464 1889 3537 gru·

488 3540 659 3626 „ciorum
689 3569 722 3621 et
737 3551 927 3628 faciliorem
952 3557 1153 3628 methodum
1214 3555 1278 3622 dus
1310 3549 1515 3628 dividatur,
1547 3545 1691 3619 totidem
1720 3541 1886 3625 nomina,

490 3664 603 3724 »eam
620 3648 810 3723 doctrinam
840 3657 1037 3733 reduxerit,
1067 3670 1155 3742 quae
1215 3667 1247 3720 et
1263 3646 1416 3740 syllabae
1451 3642 1768 3722 adhiberidebent,
1794 3635 1887 3716 uthi

492 3787 520 3825 „
533 3740 764 3819 inCoenobiis
779 3750 1065 3822 Cirtereienaibus
1079 3748 1156 3820 His·
1177 3770 1182 3785 ’
1221 3747 1346 3838 gradus
1363 3742 1599 3837 significentur
1614 3787 1625 3812 .
1656 3738 1886 3832 Quapropter

491 3884 519 3925 2,
536 3843 654 3932 paniae
685 3846 786 3919 hodie
819 3848 851 3920 in
869 3873 932 3921 usu
962 3867 1040 3921 est.
1066 3848 1155 3919 Nam
1220 3839 1488 3934 S.Gregorius,
1519 3837 1647 3933 aliique
1679 3833 1809 3928 antiqui
1832 3854 1886 3908 aa·

491 3985 517 4024 „
531 3939 679 4017 Thomas
699 3946 834 4020 Gomez
848 3950 997 4031 ejusdem
1012 3945 1156 4019 Ordinis
1214 3940 1499 4043 prendistinctas
1523 3959 1626 4014 voces
1653 3949 1887 4027 usurparunt,
1964 3995 1969 4002 .

489 4086 517 4122 „
531 4064 550 4111 a
562 4063 597 4112 se
611 4042 910 4120 illustratamanoo
928 4044 1156 4143 1649.Matri·
1217 4065 1299 4137 quaa
1314 4043 1481 4111 vocabant
1493 4039 1526 4112 A
1540 4084 1553 4121 ,
1580 4036 1634 4110 Be
1649 4081 1661 4117 s
1691 4033 1746 4108 Ce
1759 4082 1790 4117 ,·.
1801 4031 1885 4132 De,

492 4138 706 4227 „tiediditr
732 4171 802 4240 quo
820 4147 895 4241 ipso
906 4170 993 4220 anno
1010 4144 1155 4237 Capitu-
1217 4142 1267 4225 Ε,
1295 4133 1626 4222 Ft,Ge.·Guld0
1654 4131 1885 4212 Aretlnmif!

490 4283 516 4322 ‚,
533 4234 556 4305 li
573 4236 773 4327 Generalis,
799 4249 891 4340 quod
908 4262 1031 4318 vocant
1050 4244 1155 4315 inter·
1212 4255 1304 4339 prem
1321 4241 1379 4310 has
1396 4255 1492 4309 notas
1505 4238 1548 4309 ad
1561 4234 1650 4308 solas
1662 4254 1720 4306 sea
1734 4228 1887 4327 redegit,

492 4382 518 4420 ,ι
535 4334 709 4419 medium,
736 4345 876 4418 decreto
906 4348 1047 4436 probata
1064 4341 1154 4423 fuit,
1215 4340 1428 4413 instaurator
1457 4336 1554 4409 Artis
1578 4348 1701 4432 aspreta
1732 4328 1886 4406 restituit

490 4479 517 4520 „
529 4452 564 4505 et
583 4432 777 4512 introducta
791 4440 947 4518 inomnia
959 4446 1155 4536 Congrega·
1214 4460 1294 4512 cum
1311 4435 1504 4510 nominibus
1523 4431 1695 4509 Gnidonis
1708 4428 1757 4540 Vt
1773 4475 1786 4541 3
1801 4426 1886 4539 Re..

492 4578 519 4617 „
537 4531 639 4605 tionis
653 4534 823 4630 Hispanae
836 4541 1155 4622 monasteria,Cam·
1215 4536 1265 4611 Mi
1282 4585 1294 4619 ,
1311 4534 1384 4618 Fa,
1402 4533 1487 4615 sor,
1515 4533 1589 4615 La,
1608 4532 1656 4604 Mi
1671 4526 1787 4619 31alrbr
1801 4544 1889 4604 acri·

491 4676 516 4714 ss
531 4632 679 4726 pariensr
694 4635 830 4710 laudato
843 4640 1012 4735 Episcopo
1030 4639 1062 4711 id
1072 4638 1157 4711 affir·
1220 4655 1320 4731 ptum
1347 4631 1426 4729 lego
1453 4632 1528 4720 nr.
1558 4619 1886 4738 AdditCaramuei

494 4772 520 4810 „
539 4750 686 4817 manre„
702 4782 713 4807 .
728 4735 766 4808 ld
785 4763 901 4830 parum
920 4746 1103 4814 cohaerere
1116 4736 1164 4808 vi·
1224 4735 1258 4809 in
1287 4731 1453 4827 Hispania
1465 4746 1501 4801 et
1522 4726 1708 4798 Germania
1726 4725 1773 4837 ad
1799 4725 1887 4804 huc

494 4829 597 4901 detur
611 4854 689 4907 cum
720 4839 867 4930 septima
888 4858 965 4911 nota
986 4841 1025 4909 ab
1052 4837 1164 4909 Urer'ra
1223 4837 1330 4929 ipsam
1346 4829 1513 4905 rationem
1529 4824 1631 4901 libros
1650 4845 1799 4898 musicos
1829 4843 1883 4896 re·

495 4922 658 5013 invecta,
685 4952 744 5005 aut
771 4938 908 5014 inventa
940 4968 949 5009 ι
979 4938 1036 5010 sed
1069 4938 1164 5008 dere
1224 4927 1343 5007 vocari
1359 4922 1889 5022 coepisse,iuquibusu'nataa·

378 5029 384 5037 ’
495 5025 568 5120 iim
583 5071 597 5112 ι
615 5030 752 5131 iuquam
769 5086 783 5126 ,
798 5038 981 5136 peritiores
998 5032 1168 5125 iudicium
1226 5051 1303 5114 turn
1320 5029 1430 5111 clasia-
1439 5026 1496 5107 iel
1508 5026 1774 5128 apponebatur·
1843 5109 1848 5118 ,
