5084 6234
685 749 784 935 ἱ366
899 777 904 788 ”
1088 803 1663 897 -convensro

692 949 912 1042 memoriam
948 950 1188 1037 celebriorum
1205 945 1464 1063 beneficiorum
1483 952 1695 1037 diuinorum
1713 948 1754 1034 in
1770 950 1943 1037 Ecclesia
1962 1012 1974 1035 .
2007 953 2076 1054 Et,

695 1088 757 1162 ut'
776 1102 851 1171 ea,
881 1097 986 1182 quae
1018 1071 1066 1155 de
1089 1070 1249 1186 prima,
1282 1093 1321 1151 et
1347 1069 1528 1154 secunda
1565 1100 1686 1156 causa
1719 1070 1895 1157 edisserit
1925 1069 2074 1157 doctis·

692 1193 818 1281 simus
852 1186 1087 1273 Cardinalis
1103 1251 1115 1289 ,
1134 1186 1475 1304 praetermittam,
1508 1188 1561 1274 ita
1590 1188 1746 1274 tertiam
1763 1188 1991 1301 quaestioni
2006 1189 2075 1271 in-

692 1312 854 1401 stitutae
886 1308 1240 1423 congruentiorem
1274 1304 1469 1418 exponit,
1499 1335 1537 1391 et
1550 1332 1749 1392 exornat.
1780 1307 1946 1405 Tertiam
1971 1307 2074 1391 deni-

691 1461 765 1548 quc
791 1454 947 1517 causam
978 1428 1025 1511 ob
1052 1424 1271 1511 memoriam
1289 1421 1429 1508 scilicet
1448 1421 1660 1508 diuinorum
1693 1424 2074 1539 beneficiorum.etc.,

691 1577 790 1667 quae
823 1543 1112 1631 POTtsstnan
1145 1542 1276 1643 EST,
1306 1542 1442 1656 ubique
1456 1541 1539 1653 fere
1568 1544 1702 1624 Patres
1718 1543 1918 1644 indicam3
1950 1564 2075 1647 et,ut

689 1668 836 1782 aliquos
864 1692 1076 1749 recenseam
1110 1725 1123 1763 ,
1172 1690 1255 1748 eam
1286 1660 1488 1779 attingunt
1517 1662 1692 1747 laudatus
1721 1688 1853 1745 auctor
1885 1662 2076 1751 Constitu·

687 1785 782 1871 tion.
808 1780 1111 1897 Apostolicorum
1143 1777 1225 1866 lib·
1251 1811 1290 1892 7.
1327 1809 1413 1893 cap.
1434 1811 1502 1894 30·
1535 1842 1549 1879 ,
1579 1779 1746 1865 Sanctus
1776 1782 1852 1866 Leo
1881 1809 1995 1864 serm.
2030 1813 2073 1896 7·

694 1906 741 1989 de
758 1901 951 2018 Epiphan.
976 1928 1043 1997 ,et
1056 1902 1100 1983 S.
1117 1899 1369 2016 Augustinus
1383 1901 1437 1983 ad
1457 1895 1728 2012 lnqur'sitioncs
1742 1895 1921 1992 Ianuarii
1936 1898 2002 1985 lib.
2016 1932 2076 2005 2.,

686 2022 764 2110 sive
783 2020 891 2133 epist.
913 2046 936 2129 5
942 2046 980 2129 5.
1000 2017 1096 2103 olias
1117 2045 1210 2129 119.
1227 2077 1289 2101 ...
1319 2034 1357 2098 et
1375 2017 1499 2101 Serm.
1518 2043 1615 2100 220.
1632 2016 1791 2103 aliosde
1809 2017 1983 2103 Diversis
1999 2024 2069 2132 78.
2192 2062 2194 2065 ·

683 2142 731 2226 dc
760 2132 902 2253 vigiliis
934 2138 1128 2222 Paschae:
1161 2138 1249 2221 Hoc
1284 2135 1427 2231 semel,
1457 2132 1612 2249 inquit,
1636 2131 1789 2244 fluctum
1823 2167 1900 2223 esse
1930 2140 2076 2251 optimc

688 2257 807 2347 nostis
825 2318 839 2356 ,
868 2282 1047 2341 ettamen
1064 2254 1312 2354 solemnitas,
1330 2272 1526 2369 tamquam
1541 2279 1655 2369 saepe
1660 2252 1763 2368 fiat,
1778 2257 1958 2341 revolutis
1974 2286 2076 2341 tem-

684 2374 846 2498 poribus
870 2372 1013 2475 iterat,
1046 2376 1148 2491 quod
1161 2372 1299 2459 ueritus
1329 2373 1444 2456 semel
1466 2368 1618 2481 factum
1635 2398 1754 2457 toturn
1787 2376 2088 2489 Scupmu'rum,

690 2493 848 2584 vocibus
880 2493 1020 2580 clamat
1040 2556 1050 2577 .
1067 2552 1108 2579 ..
1141 2492 1243 2607 quod
1269 2491 1383 2578 etiam
1411 2492 1526 2576 semel
1542 2487 1693 2599 factum
1723 2493 1768 2577 in
1804 2497 1915 2579 rebus
1936 2494 2074 2580 veritas

681 2608 856 2712 indicat,
888 2614 959 2697 ltoc
979 2641 1089 2727 saepe
1106 2611 1364 2697 celebrandum
1390 2607 1433 2694 in
1463 2609 1638 2695 cordibus
1661 2609 1741 2723 piis
1771 2611 1995 2698 solemnitas
2012 2642 2075 2696 re·

684 2749 917 2816 vocatetc..
957 2730 1099 2841 Quam
1127 2753 1253 2815 totam
1272 2727 1470 2814 rationem
1498 2729 1675 2842 apposite
1693 2730 1746 2814 ad
1778 2759 1862 2815 rern
1892 2760 2077 2817 nostram
2171 2760 2173 2762 ·

686 2846 984 2940 accommodari
1014 2877 1126 2964 posse
1162 2874 1305 2945 nemo,
1338 2843 1516 2963 opinor,
1542 2843 1658 2930 iverit
1690 2844 1875 2945 inficias,
1908 2848 1979 2960 qui
2006 2848 2073 2931 di-

681 2962 870 3067 vinum,
907 2964 1207 3079 immortaleque
1241 2960 1517 3051 conversionis
1559 2960 1793 3049 Gothorum
1826 2964 2071 3052 beneficium

681 3084 959 3202 expenderit;
987 3084 1106 3203 cujus
1136 3111 1270 3172 tamen
1305 3079 1416 3167 nulla
1446 3080 1497 3164 in
1522 3078 1664 3183 officiis
1693 3082 1964 3178 ecclesiasticis
1995 3084 2072 3169 Hi·

678 3204 916 3316 spaniarum
948 3228 1058 3295 extat
1089 3202 1279 3291 memoria
1300 3203 1353 3287 ad
1371 3199 1525 3309 debitas
1541 3198 1633 3285 Deo
1666 3202 1815 3320 gratias
1836 3203 2068 3319 persolven-

681 3324 759 3412 das
777 3385 792 3426 ,
822 3322 989 3438 siugulis
1008 3322 1126 3408 annis
1142 3321 1382 3410 renovanda
1403 3380 1415 3401 .
1961 3400 1968 3407 .

771 3503 781 3525 .
846 3440 1061 3557 Quoniam
1075 3470 1172 3528 vero
1188 3504 1202 3541 ,
1220 3466 1267 3527 ut
1292 3436 1511 3559 prudenter
1528 3436 1721 3526 admonet
1736 3436 1923 3526 laudatus
1957 3438 2067 3526 Car·

677 3557 856 3661 diaulia,
877 3557 1083 3671 'Sufficiant
1120 3559 1228 3647 nobis
1249 3560 1423 3673 exempla
1456 3555 1690 3671 Majorum.
1716 3558 1907 3674 Sopimus
1923 3557 1984 3660 ,si
1999 3588 2065 3643 sa-

669 3677 856 3801 pientiam
883 3677 1124 3795 antiquorum
1143 3678 1407 3794 exquirimus,
1436 3701 1475 3760 et
1496 3676 1716 3794 sequimur;
1739 3677 1928 3793 exemplis
1955 3704 2067 3790 quo·

675 3831 788 3916 que,
819 3825 859 3886 et
892 3796 1127 3889 auctoritate
1159 3797 1371 3911 Majorum
1394 3794 1600 3882 evidenter
1630 3796 1882 3897 ostenditur,
1912 3793 2067 3910 expeti-

540 3966 544 3974 ’
674 3942 759 4007 tam
787 3917 1082 4005 institutionem
1120 3915 1279 4003 insolita
1314 3915 1446 4029 aliqua
1478 3914 1657 4004 novitate
1696 3944 1783 3999 non
1815 3943 1896 4006 esse
1927 3912 2068 4030 displi-

677 4037 881 4123 cituram.
915 4035 1033 4152 Quid
1050 4033 1198 4123 enirn?
1234 4035 1365 4149 Apud
1390 4034 1597 4135 Graecos,
1624 4061 1663 4123 et
1697 4032 1865 4146 quidem
1894 4032 2081 4121 exarati.

677 4153 879 4270 quissimo
913 4181 1117 4273 tempore,
1137 4183 1276 4244 nonne
1293 4153 1468 4239 solemne
1484 4179 1574 4253 est,
1608 4178 1656 4241 ut
1678 4148 1875 4241 similibus
1892 4154 1942 4240 de
1963 4182 2075 4238 eau-

672 4271 757 4374 sis,
781 4301 828 4357 ac
854 4270 1072 4361 levioribus
1088 4275 1342 4393 plerumque,
1359 4271 1759 4360 commemorationes
1785 4270 1827 4354 in
1847 4271 2065 4373 Menaeis,

672 4416 712 4483 et
733 4388 976 4480 'festivitates
1006 4391 1305 4509 peragantur?
1339 4392 1463 4483 Obvii
1498 4416 1595 4477 sunt
1624 4391 1716 4477 libri
1751 4418 1898 4493 eorum
1947 4392 2067 4479 litur-

655 4510 747 4629 gici
784 4541 797 4597 t
832 4509 1113 4629 pervulgatum
1150 4537 1244 4612 est,
1276 4512 1393 4625 quod
1422 4513 1609 4599 observat
1649 4509 1884 4599 immortalis
1918 4538 2067 4597 memo-

532 4706 536 4714 .
670 4627 753 4714 riae
772 4627 956 4719 Pontifex
973 4630 1216 4721 Benedictus
1233 4633 1345 4718 xlv.
1363 4632 1483 4743 tiaq.
1503 4633 1550 4715 ele
1567 4632 1708 4745 Beatif.
1721 4660 1831 4751 port.
1853 4661 1894 4716 2.
1911 4661 1997 4743 cap·
2018 4653 2077 4738 90·

670 4776 778 4832 num
804 4750 900 4861 1'5.·
932 4752 979 4834 ln
1011 4752 1240 4840 Graecorum
1277 4751 1486 4855 Menaeis,
1514 4752 1570 4839 ait
1584 4810 1611 4849 2.
1627 4784 1701 4838 non
1732 4756 1960 4840 Sanctorum
1992 4772 2063 4828 so·

672 4862 751 4953 lum
787 4896 825 4953 ct
857 4871 1139 4960 solemnitatum
1159 4871 1493 4977 Dominicolium,
1527 4874 1593 4958 sed
1607 4898 1645 4959 et
1659 4873 1819 4987 aliarum
1838 4895 1983 4983 quoque
2001 4892 2065 4948 re-

674 5016 760 5113 tum
793 4986 1091 5084 memorabilium
1121 4992 1317 5087 celebritas
1349 4993 1648 5102 locummbtiucr
1676 5050 1688 5078 .
1721 4987 1907 5080 Profecto
1936 4984 1982 5074 in
2009 4983 2079 5076 eis.
