<?xml version="1.0" encoding="UTF-8"?>
<!DOCTYPE html PUBLIC "-//W3C//DTD XHTML 1.0 Transitional//EN"
    "http://www.w3.org/TR/xhtml1/DTD/xhtml1-transitional.dtd">
<html xmlns="http://www.w3.org/1999/xhtml" xml:lang="en" lang="en">
 <head>
  <title>
</title>
<meta http-equiv="Content-Type" content="text/html;charset=utf-8" />
  <meta name='ocr-system' content='tesseract 3.04.00' />
  <meta name='ocr-capabilities' content='ocr_page ocr_carea ocr_par ocr_line ocrx_word'/>
</head>
<body>
  <div class='ocr_page' id='page_1' title='image "./hymnodiahispani00argoog/hymnodiahispani00argoog_0195.png"; bbox 0 0 5084 6234; ppageno 0'>
   <div class='ocr_carea' id='block_1_1' title="bbox 824 809 1853 938">
    <p class='ocr_par' dir='ltr' id='par_1_1' title="bbox 824 809 1853 938">
     <span class='ocr_line' id='line_1_1' title="bbox 824 809 1853 938; baseline -0.004 -39"><span class='ocrx_word' id='word_1_1' title='bbox 824 809 1478 907; x_wconf 74' lang='lat' dir='ltr'><em>sccttsrnsrtcts</em></span> <span class='ocrx_word' id='word_1_2' title='bbox 1772 849 1853 938; x_wconf 69' lang='lat'><em>,75</em></span> 
     </span>
    </p>
   </div>
   <div class='ocr_carea' id='block_1_2' title="bbox 458 955 1900 4878">
    <p class='ocr_par' dir='ltr' id='par_1_2' title="bbox 460 955 1900 3198">
     <span class='ocr_line' id='line_1_2' title="bbox 465 955 1856 1075; baseline 0 -23"><span class='ocrx_word' id='word_1_3' title='bbox 465 956 585 1066; x_wconf 78' lang='lat' dir='ltr'><em>mnis</em></span> <span class='ocrx_word' id='word_1_4' title='bbox 604 956 712 1044; x_wconf 88' lang='lat' dir='ltr'><em>hanc</em></span> <span class='ocrx_word' id='word_1_5' title='bbox 744 955 896 1074; x_wconf 80' lang='lat' dir='ltr'>profert</span> <span class='ocrx_word' id='word_1_6' title='bbox 927 958 1168 1044; x_wconf 86' lang='lat' dir='ltr'><em>sententiam</em></span> <span class='ocrx_word' id='word_1_7' title='bbox 1194 1021 1205 1046; x_wconf 87' lang='lat'><strong>.</strong></span> <span class='ocrx_word' id='word_1_8' title='bbox 1234 959 1386 1046; x_wconf 88' lang='lat' dir='ltr'><em>Novitii</em></span> <span class='ocrx_word' id='word_1_9' title='bbox 1413 990 1501 1047; x_wconf 84' lang='lat' dir='ltr'><em>nero</em></span> <span class='ocrx_word' id='word_1_10' title='bbox 1527 957 1685 1075; x_wconf 70' lang='lat' dir='ltr'><em>pentus</em></span> <span class='ocrx_word' id='word_1_11' title='bbox 1716 967 1856 1052; x_wconf 82' lang='lat' dir='ltr'><em>exclu-</em></span> 
     </span>
     <span class='ocr_line' id='line_1_3' title="bbox 464 1077 1855 1196; baseline 0.003 -32"><span class='ocrx_word' id='word_1_12' title='bbox 464 1077 610 1180; x_wconf 85' lang='lat' dir='ltr'><em>dendi,</em></span> <span class='ocrx_word' id='word_1_13' title='bbox 642 1104 730 1167; x_wconf 90' lang='lat' dir='ltr'><em>cum</em></span> <span class='ocrx_word' id='word_1_14' title='bbox 743 1077 861 1196; x_wconf 79' lang='lat' dir='ltr'><em>proce</em></span> <span class='ocrx_word' id='word_1_15' title='bbox 876 1077 1076 1192; x_wconf 71' lang='lat' dir='ltr'><em>conscripti</em></span> <span class='ocrx_word' id='word_1_16' title='bbox 1088 1104 1295 1180; x_wconf 75' lang='lat' dir='ltr'><em>nonsunt3</em></span> <span class='ocrx_word' id='word_1_17' title='bbox 1322 1080 1511 1194; x_wconf 85' lang='lat' dir='ltr'><em>praeferri</em></span> <span class='ocrx_word' id='word_1_18' title='bbox 1531 1107 1657 1165; x_wconf 91' lang='lat' dir='ltr'><em>autem</em></span> <span class='ocrx_word' id='word_1_19' title='bbox 1684 1112 1855 1196; x_wconf 87' lang='lat' dir='ltr'><em>praeser-</em></span> 
     </span>
     <span class='ocr_line' id='line_1_4' title="bbox 466 1194 1858 1334; baseline 0.004 -52"><span class='ocrx_word' id='word_1_20' title='bbox 466 1196 536 1283; x_wconf 91' lang='lat' dir='ltr'><em>tim</em></span> <span class='ocrx_word' id='word_1_21' title='bbox 552 1197 717 1295; x_wconf 83' lang='lat' dir='ltr'><em>dehent,</em></span> <span class='ocrx_word' id='word_1_22' title='bbox 746 1194 814 1310; x_wconf 82' lang='lat' dir='ltr'><em>qui</em></span> <span class='ocrx_word' id='word_1_23' title='bbox 821 1197 1038 1334; x_wconf 70' lang='lat' dir='ltr'><em>perspicuis</em></span> <span class='ocrx_word' id='word_1_24' title='bbox 1051 1195 1392 1295; x_wconf 85' lang='lat' dir='ltr'><em>uerbiscunttnnt,</em></span> <span class='ocrx_word' id='word_1_25' title='bbox 1423 1218 1538 1314; x_wconf 84' lang='lat' dir='ltr'><em>atque</em></span> <span class='ocrx_word' id='word_1_26' title='bbox 1547 1199 1625 1314; x_wconf 90' lang='lat' dir='ltr'><em>piis</em></span> <span class='ocrx_word' id='word_1_27' title='bbox 1639 1200 1762 1288; x_wconf 87' lang='lat' dir='ltr'><em>animi</em></span> <span class='ocrx_word' id='word_1_28' title='bbox 1775 1221 1858 1288; x_wconf 82' lang='lat' dir='ltr'><em>mo·</em></span> 
     </span>
     <span class='ocr_line' id='line_1_5' title="bbox 464 1313 1856 1438; baseline 0.002 -36"><span class='ocrx_word' id='word_1_29' title='bbox 464 1314 567 1402; x_wconf 86' lang='lat' dir='ltr'><em>tibus</em></span> <span class='ocrx_word' id='word_1_30' title='bbox 581 1313 798 1403; x_wconf 69' lang='lat' dir='ltr'><em>excitandis</em></span> <span class='ocrx_word' id='word_1_31' title='bbox 815 1316 1025 1412; x_wconf 72' lang='lat' dir='ltr'><em>inserviam</em></span> <span class='ocrx_word' id='word_1_32' title='bbox 1039 1314 1258 1432; x_wconf 70' lang='lat' dir='ltr'><em>„radioque</em></span> <span class='ocrx_word' id='word_1_33' title='bbox 1272 1315 1428 1438; x_wconf 83' lang='lat' dir='ltr'><em>negotio</em></span> <span class='ocrx_word' id='word_1_34' title='bbox 1443 1320 1494 1403; x_wconf 79' lang='lat' dir='ltr'><em>alr</em></span> <span class='ocrx_word' id='word_1_35' title='bbox 1507 1316 1682 1404; x_wconf 84' lang='lat' dir='ltr'><em>omnibus</em></span> <span class='ocrx_word' id='word_1_36' title='bbox 1704 1318 1856 1437; x_wconf 77' lang='lat' dir='ltr'><em>percipi</em></span> 
     </span>
     <span class='ocr_line' id='line_1_6' title="bbox 460 1435 1858 1554; baseline 0.003 -32"><span class='ocrx_word' id='word_1_37' title='bbox 460 1461 659 1554; x_wconf 84' lang='lat' dir='ltr'><em>possunt,</em></span> <span class='ocrx_word' id='word_1_38' title='bbox 690 1464 875 1552; x_wconf 83' lang='lat' dir='ltr'><em>sacraque</em></span> <span class='ocrx_word' id='word_1_39' title='bbox 890 1435 1320 1526; x_wconf 79' lang='lat' dir='ltr'><em>unctioaeredundant.</em></span> <span class='ocrx_word' id='word_1_40' title='bbox 1352 1441 1471 1525; x_wconf 86' lang='lat' dir='ltr'><em>Hanc</em></span> <span class='ocrx_word' id='word_1_41' title='bbox 1490 1435 1666 1553; x_wconf 82' lang='lat' dir='ltr'><em>regulam</em></span> <span class='ocrx_word' id='word_1_42' title='bbox 1691 1460 1858 1526; x_wconf 85' lang='lat' dir='ltr'><em>secutus</em></span> 
     </span>
     <span class='ocr_line' id='line_1_7' title="bbox 466 1552 1859 1676; baseline 0.001 -35"><span class='ocrx_word' id='word_1_43' title='bbox 466 1579 526 1660; x_wconf 76' lang='lat' dir='ltr'><em>est</em></span> <span class='ocrx_word' id='word_1_44' title='bbox 542 1554 745 1642; x_wconf 77' lang='lat' dir='ltr'><em>fetterius</em></span> <span class='ocrx_word' id='word_1_45' title='bbox 761 1583 878 1670; x_wconf 83' lang='lat' dir='ltr'><em>saepe</em></span> <span class='ocrx_word' id='word_1_46' title='bbox 909 1554 1136 1646; x_wconf 82' lang='lat' dir='ltr'><em>laudatus.</em></span> <span class='ocrx_word' id='word_1_47' title='bbox 1164 1559 1284 1644; x_wconf 87' lang='lat' dir='ltr'><em>Hanc</em></span> <span class='ocrx_word' id='word_1_48' title='bbox 1297 1586 1384 1643; x_wconf 87' lang='lat' dir='ltr'><em>vero</em></span> <span class='ocrx_word' id='word_1_49' title='bbox 1397 1557 1620 1676; x_wconf 77' lang='lat' dir='ltr'><em>hymnorum</em></span> <span class='ocrx_word' id='word_1_50' title='bbox 1652 1552 1859 1643; x_wconf 82' lang='lat' dir='ltr'><em>editionem</em></span> 
     </span>
     <span class='ocr_line' id='line_1_8' title="bbox 462 1671 1857 1790; baseline 0 -29"><span class='ocrx_word' id='word_1_51' title='bbox 462 1700 509 1762; x_wconf 87' lang='lat' dir='ltr'><em>eo</em></span> <span class='ocrx_word' id='word_1_52' title='bbox 527 1671 767 1774; x_wconf 77' lang='lat' dir='ltr'><em>luculentiori</em></span> <span class='ocrx_word' id='word_1_53' title='bbox 790 1675 916 1789; x_wconf 80' lang='lat' dir='ltr'><em>stplo,</em></span> <span class='ocrx_word' id='word_1_54' title='bbox 944 1703 995 1759; x_wconf 85' lang='lat' dir='ltr'><em>ac</em></span> <span class='ocrx_word' id='word_1_55' title='bbox 1014 1673 1204 1790; x_wconf 78' lang='lat' dir='ltr'><em>facilitate</em></span> <span class='ocrx_word' id='word_1_56' title='bbox 1232 1695 1434 1764; x_wconf 77' lang='lat' dir='ltr'><em>contexere</em></span> <span class='ocrx_word' id='word_1_57' title='bbox 1450 1699 1609 1762; x_wconf 86' lang='lat' dir='ltr'><em>conatus</em></span> <span class='ocrx_word' id='word_1_58' title='bbox 1626 1703 1741 1776; x_wconf 87' lang='lat' dir='ltr'><em>sum,</em></span> <span class='ocrx_word' id='word_1_59' title='bbox 1780 1701 1857 1789; x_wconf 85' lang='lat' dir='ltr'><em>quo</em></span> 
     </span>
     <span class='ocr_line' id='line_1_9' title="bbox 463 1789 1857 1882; baseline 0.004 -6"><span class='ocrx_word' id='word_1_60' title='bbox 463 1791 514 1877; x_wconf 79' lang='lat' dir='ltr'><em>ab</em></span> <span class='ocrx_word' id='word_1_61' title='bbox 528 1789 714 1879; x_wconf 85' lang='lat' dir='ltr'><em>uniuersis</em></span> <span class='ocrx_word' id='word_1_62' title='bbox 730 1790 863 1876; x_wconf 88' lang='lat' dir='ltr'><em>saltem</em></span> <span class='ocrx_word' id='word_1_63' title='bbox 877 1791 1068 1880; x_wconf 85' lang='lat' dir='ltr'><em>eruditisi</em></span> <span class='ocrx_word' id='word_1_64' title='bbox 1145 1793 1261 1880; x_wconf 89' lang='lat' dir='ltr'><em>etiam</em></span> <span class='ocrx_word' id='word_1_65' title='bbox 1286 1793 1397 1881; x_wconf 84' lang='lat' dir='ltr'><em>celeri</em></span> <span class='ocrx_word' id='word_1_66' title='bbox 1410 1794 1569 1881; x_wconf 85' lang='lat' dir='ltr'><em>lectione</em></span> <span class='ocrx_word' id='word_1_67' title='bbox 1599 1793 1699 1879; x_wconf 88' lang='lat' dir='ltr'><em>clare</em></span> <span class='ocrx_word' id='word_1_68' title='bbox 1712 1792 1857 1882; x_wconf 82' lang='lat' dir='ltr'><em>intelli·</em></span> 
     </span>
     <span class='ocr_line' id='line_1_10' title="bbox 460 1907 1855 2030; baseline 0.005 -38"><span class='ocrx_word' id='word_1_69' title='bbox 460 1937 641 2030; x_wconf 78' lang='lat' dir='ltr'><em>gantur,</em></span> <span class='ocrx_word' id='word_1_70' title='bbox 670 1932 717 1998; x_wconf 89' lang='lat' dir='ltr'><em>ut</em></span> <span class='ocrx_word' id='word_1_71' title='bbox 741 1907 1056 1998; x_wconf 86' lang='lat' dir='ltr'><em>indivinislaudi</em></span> <span class='ocrx_word' id='word_1_72' title='bbox 1077 1944 1126 2000; x_wconf 90' lang='lat' dir='ltr'><em>us</em></span> <span class='ocrx_word' id='word_1_73' title='bbox 1152 1939 1295 2013; x_wconf 87' lang='lat' dir='ltr'><em>mens,</em></span> <span class='ocrx_word' id='word_1_74' title='bbox 1321 1914 1473 1999; x_wconf 82' lang='lat' dir='ltr'><em>etlahio</em></span> <span class='ocrx_word' id='word_1_75' title='bbox 1505 1910 1665 1999; x_wconf 84' lang='lat' dir='ltr'><em>inuicem</em></span> <span class='ocrx_word' id='word_1_76' title='bbox 1683 1909 1705 2026; x_wconf 95' lang='lat'>(</span> <span class='ocrx_word' id='word_1_77' title='bbox 1720 1931 1767 1999; x_wconf 86' lang='lat' dir='ltr'><em>ut</em></span> <span class='ocrx_word' id='word_1_78' title='bbox 1776 1941 1855 2028; x_wconf 90' lang='lat' dir='ltr'><em>par</em></span> 
     </span>
     <span class='ocr_line' id='line_1_11' title="bbox 464 2024 1857 2150; baseline 0.004 -37"><span class='ocrx_word' id='word_1_79' title='bbox 464 2031 524 2114; x_wconf 82' lang='lat' dir='ltr'><em>est</em></span> <span class='ocrx_word' id='word_1_80' title='bbox 538 2024 684 2142; x_wconf 85' lang='lat' dir='ltr'><em>)facile</em></span> <span class='ocrx_word' id='word_1_81' title='bbox 698 2031 955 2134; x_wconf 83' lang='lat' dir='ltr'><em>concordent,</em></span> <span class='ocrx_word' id='word_1_82' title='bbox 983 2059 1217 2150; x_wconf 74' lang='lat' dir='ltr'><em>quostquam</em></span> <span class='ocrx_word' id='word_1_83' title='bbox 1233 2060 1381 2118; x_wconf 90' lang='lat' dir='ltr'><em>omnem</em></span> <span class='ocrx_word' id='word_1_84' title='bbox 1398 2029 1606 2118; x_wconf 82' lang='lat' dir='ltr'><em>barbariem</em></span> <span class='ocrx_word' id='word_1_85' title='bbox 1613 2029 1755 2145; x_wconf 81' lang='lat' dir='ltr'><em>paucis</em></span> <span class='ocrx_word' id='word_1_86' title='bbox 1769 2033 1857 2118; x_wconf 85' lang='lat' dir='ltr'><em>He·</em></span> 
     </span>
     <span class='ocr_line' id='line_1_12' title="bbox 464 2145 1853 2268; baseline 0.004 -34"><span class='ocrx_word' id='word_1_87' title='bbox 464 2145 661 2234; x_wconf 67' lang='lat' dir='ltr'><em>hornum</em></span> <span class='ocrx_word' id='word_1_88' title='bbox 677 2147 871 2238; x_wconf 84' lang='lat' dir='ltr'><em>uocabulis</em></span> <span class='ocrx_word' id='word_1_89' title='bbox 886 2149 1086 2268; x_wconf 69' lang='lat' dir='ltr'><em>emptis,</em></span> <span class='ocrx_word' id='word_1_90' title='bbox 1115 2152 1158 2240; x_wconf 89' lang='lat' dir='ltr'><em>in</em></span> <span class='ocrx_word' id='word_1_91' title='bbox 1172 2148 1312 2267; x_wconf 86' lang='lat' dir='ltr'><em>quibus</em></span> <span class='ocrx_word' id='word_1_92' title='bbox 1327 2180 1458 2237; x_wconf 91' lang='lat' dir='ltr'><em>sacrae</em></span> <span class='ocrx_word' id='word_1_93' title='bbox 1473 2149 1693 2236; x_wconf 85' lang='lat' dir='ltr'><em>auctoritati</em></span> <span class='ocrx_word' id='word_1_94' title='bbox 1705 2149 1853 2263; x_wconf 84' lang='lat' dir='ltr'><em>deferre</em></span> 
     </span>
     <span class='ocr_line' id='line_1_13' title="bbox 463 2262 1858 2387; baseline 0.001 -35"><span class='ocrx_word' id='word_1_95' title='bbox 463 2262 569 2352; x_wconf 86' lang='lat' dir='ltr'><em>uolui</em></span> <span class='ocrx_word' id='word_1_96' title='bbox 581 2327 596 2368; x_wconf 91' lang='lat'><em>,</em></span> <span class='ocrx_word' id='word_1_97' title='bbox 625 2264 871 2356; x_wconf 83' lang='lat' dir='ltr'><em>evitaverim.</em></span> <span class='ocrx_word' id='word_1_98' title='bbox 902 2268 1084 2356; x_wconf 81' lang='lat' dir='ltr'><em>Nomina</em></span> <span class='ocrx_word' id='word_1_99' title='bbox 1136 2268 1272 2356; x_wconf 82' lang='lat' dir='ltr'><em>sutilia</em></span> <span class='ocrx_word' id='word_1_100' title='bbox 1289 2268 1566 2368; x_wconf 85' lang='lat' dir='ltr'><em>familiarum,</em></span> <span class='ocrx_word' id='word_1_101' title='bbox 1596 2269 1858 2387; x_wconf 76' lang='lat' dir='ltr'><em>etcognsmi·</em></span> 
     </span>
     <span class='ocr_line' id='line_1_14' title="bbox 465 2381 1858 2505; baseline 0.005 -37"><span class='ocrx_word' id='word_1_102' title='bbox 465 2409 522 2468; x_wconf 84' lang='lat' dir='ltr'><em>na</em></span> <span class='ocrx_word' id='word_1_103' title='bbox 552 2381 597 2466; x_wconf 89' lang='lat' dir='ltr'><em>in</em></span> <span class='ocrx_word' id='word_1_104' title='bbox 613 2384 777 2498; x_wconf 69' lang='lat' dir='ltr'><em>hymnis</em></span> <span class='ocrx_word' id='word_1_105' title='bbox 795 2416 880 2473; x_wconf 91' lang='lat' dir='ltr'><em>non</em></span> <span class='ocrx_word' id='word_1_106' title='bbox 899 2386 1105 2505; x_wconf 80' lang='lat' dir='ltr'><em>exprimen</em></span> <span class='ocrx_word' id='word_1_107' title='bbox 1177 2383 1430 2505; x_wconf 88' lang='lat' dir='ltr'><em>superfluum</em></span> <span class='ocrx_word' id='word_1_108' title='bbox 1446 2410 1546 2472; x_wconf 87' lang='lat' dir='ltr'><em>esset</em></span> <span class='ocrx_word' id='word_1_109' title='bbox 1559 2412 1755 2487; x_wconf 88' lang='lat' dir='ltr'><em>monete,</em></span> <span class='ocrx_word' id='word_1_110' title='bbox 1787 2387 1858 2475; x_wconf 89' lang='lat' dir='ltr'><em>ni·</em></span> 
     </span>
     <span class='ocr_line' id='line_1_15' title="bbox 466 2499 1900 2619; baseline 0.005 -33"><span class='ocrx_word' id='word_1_111' title='bbox 466 2499 501 2586; x_wconf 88' lang='lat' dir='ltr'><em>si</em></span> <span class='ocrx_word' id='word_1_112' title='bbox 520 2529 650 2618; x_wconf 88' lang='lat' dir='ltr'><em>nuper</em></span> <span class='ocrx_word' id='word_1_113' title='bbox 667 2503 709 2590; x_wconf 90' lang='lat' dir='ltr'><em>in</em></span> <span class='ocrx_word' id='word_1_114' title='bbox 731 2509 889 2619; x_wconf 90' lang='lat' dir='ltr'><em>hymno</em></span> <span class='ocrx_word' id='word_1_115' title='bbox 904 2508 951 2591; x_wconf 87' lang='lat' dir='ltr'><em>B.</em></span> <span class='ocrx_word' id='word_1_116' title='bbox 966 2504 1144 2592; x_wconf 85' lang='lat' dir='ltr'><em>Simonis</em></span> <span class='ocrx_word' id='word_1_117' title='bbox 1176 2505 1225 2592; x_wconf 85' lang='lat' dir='ltr'><em>de</em></span> <span class='ocrx_word' id='word_1_118' title='bbox 1243 2507 1379 2592; x_wconf 81' lang='lat' dir='ltr'><em>Roxas</em></span> <span class='ocrx_word' id='word_1_119' title='bbox 1395 2503 1561 2593; x_wconf 82' lang='lat' dir='ltr'><em>Causae</em></span> <span class='ocrx_word' id='word_1_120' title='bbox 1574 2507 1775 2592; x_wconf 80' lang='lat' dir='ltr'><em>Patronus</em></span> <span class='ocrx_word' id='word_1_121' title='bbox 1793 2506 1859 2603; x_wconf 87' lang='lat' dir='ltr'><em>Jo·</em></span> <span class='ocrx_word' id='word_1_122' title='bbox 1896 2547 1900 2556; x_wconf 94' lang='lat'>·</span> 
     </span>
     <span class='ocr_line' id='line_1_16' title="bbox 460 2618 1859 2738; baseline 0.004 -32"><span class='ocrx_word' id='word_1_123' title='bbox 460 2619 563 2733; x_wconf 86' lang='lat' dir='ltr'><em>seph</em></span> <span class='ocrx_word' id='word_1_124' title='bbox 580 2619 767 2714; x_wconf 86' lang='lat' dir='ltr'><em>Placidus</em></span> <span class='ocrx_word' id='word_1_125' title='bbox 782 2625 844 2716; x_wconf 88' lang='lat' dir='ltr'><em>bis</em></span> <span class='ocrx_word' id='word_1_126' title='bbox 856 2628 992 2713; x_wconf 74' lang='lat' dir='ltr'><em>Rosos</em></span> <span class='ocrx_word' id='word_1_127' title='bbox 1010 2623 1256 2722; x_wconf 84' lang='lat' dir='ltr'><em>intrusisset,</em></span> <span class='ocrx_word' id='word_1_128' title='bbox 1271 2623 1388 2738; x_wconf 91' lang='lat' dir='ltr'><em>quod</em></span> <span class='ocrx_word' id='word_1_129' title='bbox 1406 2621 1548 2711; x_wconf 89' lang='lat' dir='ltr'><em>merito</em></span> <span class='ocrx_word' id='word_1_130' title='bbox 1564 2650 1587 2707; x_wconf 89' lang='lat' dir='ltr'><em>a</em></span> <span class='ocrx_word' id='word_1_131' title='bbox 1603 2618 1859 2712; x_wconf 87' lang='lat' dir='ltr'><em>solertissimo</em></span> 
     </span>
     <span class='ocr_line' id='line_1_17' title="bbox 465 2736 1865 2860; baseline 0.006 -39"><span class='ocrx_word' id='word_1_132' title='bbox 465 2736 577 2823; x_wconf 76' lang='lat' dir='ltr'><em>Fidei</em></span> <span class='ocrx_word' id='word_1_133' title='bbox 594 2742 826 2833; x_wconf 86' lang='lat' dir='ltr'><em>Promotore</em></span> <span class='ocrx_word' id='word_1_134' title='bbox 859 2742 1013 2830; x_wconf 87' lang='lat' dir='ltr'><em>Carolo</em></span> <span class='ocrx_word' id='word_1_135' title='bbox 1046 2744 1246 2845; x_wconf 82' lang='lat' dir='ltr'><em>Erslrine,</em></span> <span class='ocrx_word' id='word_1_136' title='bbox 1277 2739 1398 2860; x_wconf 86' lang='lat' dir='ltr'><em>cujus</em></span> <span class='ocrx_word' id='word_1_137' title='bbox 1420 2739 1709 2857; x_wconf 85' lang='lat' dir='ltr'><em>eloquentiae,</em></span> <span class='ocrx_word' id='word_1_138' title='bbox 1737 2767 1778 2831; x_wconf 89' lang='lat' dir='ltr'><em>et</em></span> <span class='ocrx_word' id='word_1_139' title='bbox 1793 2741 1865 2829; x_wconf 92' lang='lat' dir='ltr'><em>in·</em></span> 
     </span>
     <span class='ocr_line' id='line_1_18' title="bbox 464 2855 1862 2983; baseline 0.006 -43"><span class='ocrx_word' id='word_1_140' title='bbox 464 2855 587 2974; x_wconf 79' lang='lat' dir='ltr'><em>genio</em></span> <span class='ocrx_word' id='word_1_141' title='bbox 606 2862 771 2948; x_wconf 82' lang='lat' dir='ltr'><em>maximi</em></span> <span class='ocrx_word' id='word_1_142' title='bbox 802 2864 969 2983; x_wconf 84' lang='lat' dir='ltr'><em>plausus</em></span> <span class='ocrx_word' id='word_1_143' title='bbox 984 2863 1028 2948; x_wconf 89' lang='lat' dir='ltr'><em>in</em></span> <span class='ocrx_word' id='word_1_144' title='bbox 1044 2865 1156 2953; x_wconf 90' lang='lat' dir='ltr'><em>Urbe</em></span> <span class='ocrx_word' id='word_1_145' title='bbox 1190 2859 1513 2979; x_wconf 85' lang='lat' dir='ltr'><em>impertiuntur,</em></span> <span class='ocrx_word' id='word_1_146' title='bbox 1540 2888 1712 2948; x_wconf 88' lang='lat' dir='ltr'><em>censura</em></span> <span class='ocrx_word' id='word_1_147' title='bbox 1729 2861 1862 2949; x_wconf 87' lang='lat' dir='ltr'><em>confi·</em></span> 
     </span>
     <span class='ocr_line' id='line_1_19' title="bbox 463 2973 1861 3102; baseline 0.003 -39"><span class='ocrx_word' id='word_1_148' title='bbox 463 3003 565 3063; x_wconf 88' lang='lat' dir='ltr'><em>xum</em></span> <span class='ocrx_word' id='word_1_149' title='bbox 584 2974 665 3065; x_wconf 86' lang='lat' dir='ltr'><em>luit</em></span> <span class='ocrx_word' id='word_1_150' title='bbox 678 3009 693 3083; x_wconf 76' lang='grc' dir='ltr'><strong>ς</strong></span> <span class='ocrx_word' id='word_1_151' title='bbox 708 2981 782 3096; x_wconf 92' lang='lat' dir='ltr'><em>qui</em></span> <span class='ocrx_word' id='word_1_152' title='bbox 798 3011 931 3101; x_wconf 90' lang='lat' dir='ltr'><em>neque</em></span> <span class='ocrx_word' id='word_1_153' title='bbox 951 3011 1093 3102; x_wconf 83' lang='lat' dir='ltr'><em>passus</em></span> <span class='ocrx_word' id='word_1_154' title='bbox 1109 3007 1184 3089; x_wconf 84' lang='lat' dir='ltr'><em>est,</em></span> <span class='ocrx_word' id='word_1_155' title='bbox 1197 2977 1313 3071; x_wconf 87' lang='lat' dir='ltr'><em>Beati</em></span> <span class='ocrx_word' id='word_1_156' title='bbox 1331 2979 1637 3099; x_wconf 87' lang='lat' dir='ltr'><em>appellationem</em></span> <span class='ocrx_word' id='word_1_157' title='bbox 1653 2976 1697 3063; x_wconf 87' lang='lat' dir='ltr'><em>in</em></span> <span class='ocrx_word' id='word_1_158' title='bbox 1715 2973 1861 3067; x_wconf 87' lang='lat' dir='ltr'><em>eodem</em></span> 
     </span>
     <span class='ocr_line' id='line_1_20' title="bbox 463 3093 1460 3198; baseline 0.004 -16"><span class='ocrx_word' id='word_1_159' title='bbox 463 3093 622 3198; x_wconf 85' lang='lat' dir='ltr'><em>hymno</em></span> <span class='ocrx_word' id='word_1_160' title='bbox 637 3095 763 3187; x_wconf 84' lang='lat' dir='ltr'><em>inseri</em></span> <span class='ocrx_word' id='word_1_161' title='bbox 785 3167 798 3191; x_wconf 83' lang='lat'><em>,</em></span> <span class='ocrx_word' id='word_1_162' title='bbox 835 3189 838 3194; x_wconf 65' lang='grc'>,</span> <span class='ocrx_word' id='word_1_163' title='bbox 1381 3113 1383 3120; x_wconf 84' lang='grc'><strong>’</strong></span> <span class='ocrx_word' id='word_1_164' title='bbox 1457 3113 1460 3120; x_wconf 85' lang='grc'><strong>“</strong></span> 
     </span>
    </p>

    <p class='ocr_par' dir='ltr' id='par_1_3' title="bbox 458 3210 1864 4878">
     <span class='ocr_line' id='line_1_21' title="bbox 529 3210 1864 3336; baseline 0.006 -36"><span class='ocrx_word' id='word_1_165' title='bbox 529 3241 626 3302; x_wconf 83' lang='lat' dir='ltr'><em>ooo.</em></span> <span class='ocrx_word' id='word_1_166' title='bbox 658 3218 868 3309; x_wconf 88' lang='lat' dir='ltr'><em>Martinus</em></span> <span class='ocrx_word' id='word_1_167' title='bbox 883 3216 1034 3310; x_wconf 87' lang='lat' dir='ltr'><em>Clarus</em></span> <span class='ocrx_word' id='word_1_168' title='bbox 1051 3218 1105 3308; x_wconf 88' lang='lat' dir='ltr'><em>ad</em></span> <span class='ocrx_word' id='word_1_169' title='bbox 1121 3218 1413 3336; x_wconf 86' lang='lat' dir='ltr'><em>hymnodicam</em></span> <span class='ocrx_word' id='word_1_170' title='bbox 1429 3212 1672 3334; x_wconf 79' lang='lat' dir='ltr'><em>majestatem</em></span> <span class='ocrx_word' id='word_1_171' title='bbox 1685 3210 1864 3335; x_wconf 71' lang='lat' dir='ltr'><em>flagitat,</em></span> 
     </span>
     <span class='ocr_line' id='line_1_22' title="bbox 464 3336 1857 3459; baseline 0.004 -42"><span class='ocrx_word' id='word_1_172' title='bbox 464 3357 516 3418; x_wconf 85' lang='lat' dir='ltr'><em>ne</em></span> <span class='ocrx_word' id='word_1_173' title='bbox 531 3338 653 3424; x_wconf 87' lang='lat' dir='ltr'><em>verba</em></span> <span class='ocrx_word' id='word_1_174' title='bbox 667 3336 827 3427; x_wconf 79' lang='lat' dir='ltr'><em>fabulas</em></span> <span class='ocrx_word' id='word_1_175' title='bbox 844 3404 860 3443; x_wconf 94' lang='lat'><em>,</em></span> <span class='ocrx_word' id='word_1_176' title='bbox 876 3340 1113 3459; x_wconf 82' lang='lat' dir='ltr'><em>argentium</em></span> <span class='ocrx_word' id='word_1_177' title='bbox 1131 3339 1234 3431; x_wconf 87' lang='lat' dir='ltr'><em>titus</em></span> <span class='ocrx_word' id='word_1_178' title='bbox 1248 3338 1407 3439; x_wconf 86' lang='lat' dir='ltr'><em>oleant,</em></span> <span class='ocrx_word' id='word_1_179' title='bbox 1442 3365 1488 3422; x_wconf 86' lang='lat' dir='ltr'><em>ac</em></span> <span class='ocrx_word' id='word_1_180' title='bbox 1504 3361 1714 3454; x_wconf 84' lang='lat' dir='ltr'><em>propterea</em></span> <span class='ocrx_word' id='word_1_181' title='bbox 1729 3337 1857 3440; x_wconf 84' lang='lat' dir='ltr'><em>cavit,</em></span> 
     </span>
     <span class='ocr_line' id='line_1_23' title="bbox 463 3449 1857 3573; baseline 0.002 -36"><span class='ocrx_word' id='word_1_182' title='bbox 463 3478 515 3537; x_wconf 87' lang='lat' dir='ltr'><em>nt</em></span> <span class='ocrx_word' id='word_1_183' title='bbox 530 3449 575 3538; x_wconf 90' lang='lat' dir='ltr'><em>in</em></span> <span class='ocrx_word' id='word_1_184' title='bbox 590 3452 678 3542; x_wconf 89' lang='lat' dir='ltr'><em>suis</em></span> <span class='ocrx_word' id='word_1_185' title='bbox 709 3459 875 3573; x_wconf 87' lang='lat' dir='ltr'><em>hymnis</em></span> <span class='ocrx_word' id='word_1_186' title='bbox 892 3489 1004 3552; x_wconf 87' lang='lat' dir='ltr'><em>novo</em></span> <span class='ocrx_word' id='word_1_187' title='bbox 1017 3460 1132 3552; x_wconf 84' lang='lat' dir='ltr'><em>cultu</em></span> <span class='ocrx_word' id='word_1_188' title='bbox 1150 3458 1359 3550; x_wconf 79' lang='lat' dir='ltr'><em>adornatis</em></span> <span class='ocrx_word' id='word_1_189' title='bbox 1388 3458 1498 3544; x_wconf 84' lang='lat' dir='ltr'><em>fieret</em></span> <span class='ocrx_word' id='word_1_190' title='bbox 1514 3454 1649 3567; x_wconf 89' lang='lat' dir='ltr'><em>aliqua</em></span> <span class='ocrx_word' id='word_1_191' title='bbox 1668 3454 1857 3558; x_wconf 88' lang='lat' dir='ltr'><em>mentio,</em></span> 
     </span>
     <span class='ocr_line' id='line_1_24' title="bbox 463 3570 1854 3695; baseline 0 -36"><span class='ocrx_word' id='word_1_192' title='bbox 463 3594 511 3659; x_wconf 86' lang='lat' dir='ltr'><em>ut</em></span> <span class='ocrx_word' id='word_1_193' title='bbox 525 3570 608 3690; x_wconf 87' lang='lat' dir='ltr'><em>ipse</em></span> <span class='ocrx_word' id='word_1_194' title='bbox 627 3574 684 3664; x_wconf 86' lang='lat' dir='ltr'><em>ait</em></span> <span class='ocrx_word' id='word_1_195' title='bbox 697 3575 740 3661; x_wconf 92' lang='lat' dir='ltr'><em>in</em></span> <span class='ocrx_word' id='word_1_196' title='bbox 758 3579 1012 3695; x_wconf 81' lang='lat' dir='ltr'><em>praelatione</em></span> <span class='ocrx_word' id='word_1_197' title='bbox 1024 3642 1039 3681; x_wconf 91' lang='lat'><em>,</em></span> <span class='ocrx_word' id='word_1_198' title='bbox 1051 3580 1146 3680; x_wconf 91' lang='lat' dir='ltr'><em>orci,</em></span> <span class='ocrx_word' id='word_1_199' title='bbox 1154 3578 1298 3679; x_wconf 86' lang='lat' dir='ltr'><em>noemi,</em></span> <span class='ocrx_word' id='word_1_200' title='bbox 1306 3576 1494 3674; x_wconf 87' lang='lat' dir='ltr'><em>tartari,et</em></span> <span class='ocrx_word' id='word_1_201' title='bbox 1501 3571 1681 3659; x_wconf 89' lang='lat' dir='ltr'><em>similium</em></span> <span class='ocrx_word' id='word_1_202' title='bbox 1699 3596 1854 3674; x_wconf 85' lang='lat' dir='ltr'><em>uocum,</em></span> 
     </span>
     <span class='ocr_line' id='line_1_25' title="bbox 460 3688 1850 3816; baseline -0.001 -40"><span class='ocrx_word' id='word_1_203' title='bbox 460 3717 558 3805; x_wconf 77' lang='lat' dir='ltr'><em>quae</em></span> <span class='ocrx_word' id='word_1_204' title='bbox 580 3694 753 3811; x_wconf 89' lang='lat' dir='ltr'><em>poeticas</em></span> <span class='ocrx_word' id='word_1_205' title='bbox 775 3694 934 3807; x_wconf 81' lang='lat' dir='ltr'><em>frthulrs</em></span> <span class='ocrx_word' id='word_1_206' title='bbox 951 3758 966 3797; x_wconf 92' lang='lat'><em>,</em></span> <span class='ocrx_word' id='word_1_207' title='bbox 983 3696 1209 3816; x_wconf 76' lang='lat' dir='ltr'><em>agentium</em></span> <span class='ocrx_word' id='word_1_208' title='bbox 1235 3696 1335 3781; x_wconf 85' lang='lat' dir='ltr'><em>rinrs</em></span> <span class='ocrx_word' id='word_1_209' title='bbox 1348 3696 1475 3781; x_wconf 86' lang='lat' dir='ltr'><em>oleant</em></span> <span class='ocrx_word' id='word_1_210' title='bbox 1491 3750 1504 3776; x_wconf 82' lang='grc'><strong>.</strong></span> <span class='ocrx_word' id='word_1_211' title='bbox 1522 3692 1573 3777; x_wconf 84' lang='lat' dir='ltr'><em>Et</em></span> <span class='ocrx_word' id='word_1_212' title='bbox 1588 3717 1729 3777; x_wconf 87' lang='lat' dir='ltr'><em>rursus</em></span> <span class='ocrx_word' id='word_1_213' title='bbox 1743 3688 1850 3807; x_wconf 85' lang='lat' dir='ltr'><em>(1)s</em></span> 
     </span>
     <span class='ocr_line' id='line_1_26' title="bbox 467 3806 1857 3938; baseline -0.003 -40"><span class='ocrx_word' id='word_1_214' title='bbox 467 3809 567 3898; x_wconf 82' lang='lat' dir='ltr'><em>Eam</em></span> <span class='ocrx_word' id='word_1_215' title='bbox 590 3815 639 3901; x_wconf 83' lang='lat' dir='ltr'><em>od</em></span> <span class='ocrx_word' id='word_1_216' title='bbox 655 3842 733 3900; x_wconf 88' lang='lat' dir='ltr'><em>rem</em></span> <span class='ocrx_word' id='word_1_217' title='bbox 758 3812 1062 3924; x_wconf 72' lang='lat' dir='ltr'><em>exterminantur</em></span> <span class='ocrx_word' id='word_1_218' title='bbox 1065 3811 1237 3938; x_wconf 83' lang='lat' dir='ltr'><em>primum</em></span> <span class='ocrx_word' id='word_1_219' title='bbox 1252 3815 1299 3900; x_wconf 88' lang='lat' dir='ltr'><em>de</em></span> <span class='ocrx_word' id='word_1_220' title='bbox 1318 3815 1394 3900; x_wconf 83' lang='lat' dir='ltr'><em>lrac</em></span> <span class='ocrx_word' id='word_1_221' title='bbox 1405 3838 1520 3899; x_wconf 89' lang='lat' dir='ltr'><em>sacra</em></span> <span class='ocrx_word' id='word_1_222' title='bbox 1538 3806 1652 3924; x_wconf 84' lang='lat' dir='ltr'><em>poesi</em></span> <span class='ocrx_word' id='word_1_223' title='bbox 1664 3833 1750 3894; x_wconf 88' lang='lat' dir='ltr'><em>cnm</em></span> <span class='ocrx_word' id='word_1_224' title='bbox 1766 3810 1857 3896; x_wconf 85' lang='lat' dir='ltr'><em>bar·</em></span> 
     </span>
     <span class='ocr_line' id='line_1_27' title="bbox 460 3922 1854 4053; baseline -0.001 -35"><span class='ocrx_word' id='word_1_225' title='bbox 460 3925 573 4019; x_wconf 76' lang='lat' dir='ltr'><em>harae</em></span> <span class='ocrx_word' id='word_1_226' title='bbox 600 3960 753 4038; x_wconf 88' lang='lat' dir='ltr'><em>voces,</em></span> <span class='ocrx_word' id='word_1_227' title='bbox 781 3963 864 4021; x_wconf 91' lang='lat' dir='ltr'><em>tum</em></span> <span class='ocrx_word' id='word_1_228' title='bbox 890 3935 1063 4022; x_wconf 79' lang='lat' dir='ltr'><em>maxime</em></span> <span class='ocrx_word' id='word_1_229' title='bbox 1078 3936 1343 4053; x_wconf 87' lang='lat' dir='ltr'><em>prophanae,</em></span> <span class='ocrx_word' id='word_1_230' title='bbox 1372 3959 1474 4052; x_wconf 84' lang='lat' dir='ltr'><em>qaae</em></span> <span class='ocrx_word' id='word_1_231' title='bbox 1498 3927 1669 4045; x_wconf 87' lang='lat' dir='ltr'><em>poeticas</em></span> <span class='ocrx_word' id='word_1_232' title='bbox 1692 3922 1854 4038; x_wconf 77' lang='lat' dir='ltr'><em>fabulas</em></span> 
     </span>
     <span class='ocr_line' id='line_1_28' title="bbox 459 4044 1851 4170; baseline 0.006 -40"><span class='ocrx_word' id='word_1_233' title='bbox 459 4048 646 4162; x_wconf 87' lang='lat' dir='ltr'><em>sapiunt.</em></span> <span class='ocrx_word' id='word_1_234' title='bbox 678 4052 965 4170; x_wconf 81' lang='lat' dir='ltr'><em>Equidem,si</em></span> <span class='ocrx_word' id='word_1_235' title='bbox 982 4084 1103 4152; x_wconf 83' lang='lat' dir='ltr'><em>voces</em></span> <span class='ocrx_word' id='word_1_236' title='bbox 1135 4051 1256 4140; x_wconf 86' lang='lat' dir='ltr'><em>unice</em></span> <span class='ocrx_word' id='word_1_237' title='bbox 1293 4053 1348 4140; x_wconf 90' lang='lat' dir='ltr'><em>ad</em></span> <span class='ocrx_word' id='word_1_238' title='bbox 1377 4047 1539 4139; x_wconf 82' lang='lat' dir='ltr'><em>fabulas</em></span> <span class='ocrx_word' id='word_1_239' title='bbox 1566 4044 1851 4164; x_wconf 86' lang='lat' dir='ltr'><em>exprimendas</em></span> 
     </span>
     <span class='ocr_line' id='line_1_29' title="bbox 460 4167 1849 4290; baseline 0.009 -45"><span class='ocrx_word' id='word_1_240' title='bbox 460 4187 578 4277; x_wconf 84' lang='lat' dir='ltr'><em>aptae</em></span> <span class='ocrx_word' id='word_1_241' title='bbox 593 4172 882 4288; x_wconf 88' lang='lat' dir='ltr'><em>adhiberentur</em></span> <span class='ocrx_word' id='word_1_242' title='bbox 897 4238 912 4278; x_wconf 90' lang='lat'><em>,</em></span> <span class='ocrx_word' id='word_1_243' title='bbox 930 4204 1017 4261; x_wconf 89' lang='lat' dir='ltr'><em>non</em></span> <span class='ocrx_word' id='word_1_244' title='bbox 1037 4172 1309 4263; x_wconf 84' lang='lat' dir='ltr'><em>tectefactum</em></span> <span class='ocrx_word' id='word_1_245' title='bbox 1325 4194 1538 4290; x_wconf 68' lang='lat' dir='ltr'><em>patarum</em></span> <span class='ocrx_word' id='word_1_246' title='bbox 1568 4167 1640 4254; x_wconf 87' lang='lat' dir='ltr'><em>sed</em></span> <span class='ocrx_word' id='word_1_247' title='bbox 1673 4193 1770 4252; x_wconf 87' lang='lat' dir='ltr'><em>cum</em></span> <span class='ocrx_word' id='word_1_248' title='bbox 1796 4193 1849 4258; x_wconf 80' lang='lat' dir='ltr'><em>ex</em></span> 
     </span>
     <span class='ocr_line' id='line_1_30' title="bbox 460 4280 1852 4398; baseline -0.001 -26"><span class='ocrx_word' id='word_1_249' title='bbox 460 4280 634 4394; x_wconf 77' lang='lat' dir='ltr'><em>antiquo</em></span> <span class='ocrx_word' id='word_1_250' title='bbox 664 4291 732 4382; x_wconf 84' lang='lat' dir='ltr'><em>SS.</em></span> <span class='ocrx_word' id='word_1_251' title='bbox 764 4295 929 4381; x_wconf 83' lang='lat' dir='ltr'><em>Parrum</em></span> <span class='ocrx_word' id='word_1_252' title='bbox 959 4324 1039 4383; x_wconf 89' lang='lat' dir='ltr'><em>usu</em></span> <span class='ocrx_word' id='word_1_253' title='bbox 1065 4357 1080 4398; x_wconf 95' lang='lat'><em>,</em></span> <span class='ocrx_word' id='word_1_254' title='bbox 1108 4318 1149 4382; x_wconf 90' lang='lat' dir='ltr'><em>et</em></span> <span class='ocrx_word' id='word_1_255' title='bbox 1182 4288 1484 4380; x_wconf 85' lang='lat' dir='ltr'><em>consuetudine</em></span> <span class='ocrx_word' id='word_1_256' title='bbox 1513 4285 1634 4374; x_wconf 84' lang='lat' dir='ltr'><em>etiam</em></span> <span class='ocrx_word' id='word_1_257' title='bbox 1665 4283 1852 4371; x_wconf 85' lang='lat' dir='ltr'><em>ecclesia·</em></span> 
     </span>
     <span class='ocr_line' id='line_1_31' title="bbox 458 4398 1851 4521; baseline 0 -33"><span class='ocrx_word' id='word_1_258' title='bbox 458 4398 559 4488; x_wconf 89' lang='lat' dir='ltr'><em>stica</em></span> <span class='ocrx_word' id='word_1_259' title='bbox 596 4433 714 4496; x_wconf 88' lang='lat' dir='ltr'><em>vooes</em></span> <span class='ocrx_word' id='word_1_260' title='bbox 743 4415 913 4517; x_wconf 89' lang='lat' dir='ltr'><em>averni,</em></span> <span class='ocrx_word' id='word_1_261' title='bbox 951 4411 1068 4517; x_wconf 91' lang='lat' dir='ltr'><em>orci,</em></span> <span class='ocrx_word' id='word_1_262' title='bbox 1109 4438 1149 4501; x_wconf 84' lang='lat' dir='ltr'><em>et</em></span> <span class='ocrx_word' id='word_1_263' title='bbox 1171 4409 1312 4500; x_wconf 80' lang='lat' dir='ltr'><em>tamari</em></span> <span class='ocrx_word' id='word_1_264' title='bbox 1340 4410 1396 4500; x_wconf 85' lang='lat' dir='ltr'><em>ad</em></span> <span class='ocrx_word' id='word_1_265' title='bbox 1427 4405 1578 4497; x_wconf 83' lang='lat' dir='ltr'><em>inlesos</em></span> <span class='ocrx_word' id='word_1_266' title='bbox 1614 4400 1851 4521; x_wconf 85' lang='lat' dir='ltr'><em>significan·</em></span> 
     </span>
     <span class='ocr_line' id='line_1_32' title="bbox 460 4517 1846 4651; baseline 0.001 -47"><span class='ocrx_word' id='word_1_267' title='bbox 460 4517 536 4608; x_wconf 91' lang='lat' dir='ltr'><em>dos</em></span> <span class='ocrx_word' id='word_1_268' title='bbox 571 4523 660 4612; x_wconf 89' lang='lat' dir='ltr'><em>sine</em></span> <span class='ocrx_word' id='word_1_269' title='bbox 693 4525 772 4615; x_wconf 89' lang='lat' dir='ltr'><em>ulla</em></span> <span class='ocrx_word' id='word_1_270' title='bbox 814 4530 1051 4622; x_wconf 79' lang='lat' dir='ltr'><em>fabularum</em></span> <span class='ocrx_word' id='word_1_271' title='bbox 1087 4530 1355 4651; x_wconf 84' lang='lat' dir='ltr'><em>permixtione</em></span> <span class='ocrx_word' id='word_1_272' title='bbox 1396 4551 1692 4645; x_wconf 87' lang='lat' dir='ltr'><em>usurpentur,</em></span> <span class='ocrx_word' id='word_1_273' title='bbox 1741 4517 1846 4616; x_wconf 80' lang='lat' dir='ltr'><em>nihil</em></span> 
     </span>
     <span class='ocr_line' id='line_1_33' title="bbox 459 4639 1852 4774; baseline -0.001 -47"><span class='ocrx_word' id='word_1_274' title='bbox 459 4665 726 4749; x_wconf 86' lang='lat' dir='ltr'><em>ettcausae,</em></span> <span class='ocrx_word' id='word_1_275' title='bbox 770 4677 845 4736; x_wconf 90' lang='lat' dir='ltr'><em>cut</em></span> <span class='ocrx_word' id='word_1_276' title='bbox 881 4650 1044 4770; x_wconf 89' lang='lat' dir='ltr'><em>penitus</em></span> <span class='ocrx_word' id='word_1_277' title='bbox 1072 4680 1216 4738; x_wconf 88' lang='lat' dir='ltr'><em>earum</em></span> <span class='ocrx_word' id='word_1_278' title='bbox 1248 4647 1401 4738; x_wconf 87' lang='lat' dir='ltr'><em>mentio</em></span> <span class='ocrx_word' id='word_1_279' title='bbox 1436 4642 1734 4763; x_wconf 86' lang='lat' dir='ltr'><em>prohibeatur.</em></span> <span class='ocrx_word' id='word_1_280' title='bbox 1767 4639 1852 4774; x_wconf 75' lang='lat' dir='ltr'><em>lta·</em></span> 
     </span>
     <span class='ocr_line' id='line_1_34' title="bbox 463 4756 1852 4878; baseline -0.001 -32"><span class='ocrx_word' id='word_1_281' title='bbox 463 4785 545 4876; x_wconf 84' lang='lat' dir='ltr'><em>que</em></span> <span class='ocrx_word' id='word_1_282' title='bbox 560 4760 634 4853; x_wconf 88' lang='lat' dir='ltr'><em>illis</em></span> <span class='ocrx_word' id='word_1_283' title='bbox 663 4789 843 4857; x_wconf 87' lang='lat' dir='ltr'><em>utuntur</em></span> <span class='ocrx_word' id='word_1_284' title='bbox 883 4769 1146 4859; x_wconf 87' lang='lat' dir='ltr'><em>Cottectotes</em></span> <span class='ocrx_word' id='word_1_285' title='bbox 1175 4769 1227 4855; x_wconf 88' lang='lat' dir='ltr'><em>ab</em></span> <span class='ocrx_word' id='word_1_286' title='bbox 1265 4768 1440 4855; x_wconf 86' lang='lat' dir='ltr'><em>Urbano</em></span> <span class='ocrx_word' id='word_1_287' title='bbox 1480 4760 1591 4850; x_wconf 86' lang='lat' dir='ltr'><em>Vlll.</em></span> <span class='ocrx_word' id='word_1_288' title='bbox 1635 4756 1816 4878; x_wconf 75' lang='lat' dir='ltr'><em>deputati</em></span> <span class='ocrx_word' id='word_1_289' title='bbox 1829 4815 1852 4866; x_wconf 94' lang='lat'><em>,</em></span> 
     </span>
    </p>
   </div>
   <div class='ocr_carea' id='block_1_3' title="bbox 509 5020 1360 5144">
    <p class='ocr_par' dir='ltr' id='par_1_4' title="bbox 509 5020 1360 5144">
     <span class='ocr_line' id='line_1_35' title="bbox 509 5020 1360 5144; baseline -0.029 -28"><span class='ocrx_word' id='word_1_290' title='bbox 509 5020 564 5116; x_wconf 74' lang='lat'><em>(¹)</em></span> <span class='ocrx_word' id='word_1_291' title='bbox 588 5022 731 5098; x_wconf 80' lang='lat' dir='ltr'><em>Aactsr.</em></span> <span class='ocrx_word' id='word_1_292' title='bbox 750 5026 959 5124; x_wconf 86' lang='lat' dir='ltr'><em>hymnorum</em></span> <span class='ocrx_word' id='word_1_293' title='bbox 984 5023 1122 5144; x_wconf 85' lang='lat' dir='ltr'><em>Parisiis</em></span> <span class='ocrx_word' id='word_1_294' title='bbox 1148 5043 1237 5098; x_wconf 86' lang='lat' dir='ltr'><em>auno</em></span> <span class='ocrx_word' id='word_1_295' title='bbox 1252 5023 1360 5122; x_wconf 72' lang='lat'>¹⁶74»</span> 
     </span>
    </p>
   </div>
   <div class='ocr_carea' id='block_1_4' title="bbox 0 0 2546 6230">
    <p class='ocr_par' dir='ltr' id='par_1_5' title="bbox 0 0 2546 6230">
     <span class='ocr_line' id='line_1_36' title="bbox 0 0 2546 6230; baseline 0 0"><span class='ocrx_word' id='word_1_296' title='bbox 0 0 2546 6230; x_wconf 95' lang='lat' dir='ltr'><em> </em></span> 
     </span>
    </p>
   </div>
  </div>
 </body>
</html>
