5084 6234
863 867 1509 957 ecciesiasticis
1791 896 1877 982 203

496 1041 588 1097 nem
607 1010 819 1125 detegens,
835 1011 923 1123 qui,
943 1011 1062 1095 necui
1078 1008 1180 1125 parti
1199 1008 1445 1124 displiceret,
1462 1011 1667 1127 satagebat
1684 1014 1876 1096 :Cernens

489 1128 614 1244 itaque
629 1129 865 1243 (Leontius)
882 1156 959 1213 tam
980 1131 1142 1226 clerum,
1171 1159 1283 1242 quam
1306 1133 1485 1240 populum
1504 1135 1601 1215 duas
1614 1130 1653 1213 in
1663 1157 1794 1244 partes
1813 1128 1877 1213 cli-

486 1247 639 1346 visum,
664 1267 703 1328 et
716 1247 811 1332 alios
825 1248 972 1362 quidem
999 1245 1278 1359 conjunctivam
1300 1251 1528 1362 particulam
1547 1248 1586 1331 in
1601 1246 1875 1364 glorificatione

486 1363 576 1451 Filii
590 1394 814 1477 usurpantes
828 1429 841 1465 ,
870 1365 964 1449 alios
977 1396 1066 1448 nero
1077 1363 1388 1479 praepositionem
1415 1372 1516 1453 PER
1533 1365 1735 1451 trihuentes
1748 1366 1877 1468 Filio;

487 1483 546 1566 ΙΝ
568 1503 694 1568 autem
722 1485 884 1599 Spiritui
913 1506 1041 1570 sancto
1055 1482 1314 1596 applicantes,
1344 1484 1422 1599 ipse
1451 1483 1767 1603 glorificationem
1782 1484 1877 1586 sult-¹

486 1598 600 1687 missa
615 1601 927 1717 noceproftrehat
946 1667 959 1704 ,
986 1601 1039 1687 ita
1058 1623 1101 1685 ut
1113 1604 1205 1687 haec
1218 1601 1339 1686 solum
1356 1607 1465 1688 verba
1486 1607 1543 1688 ΙΝ
1563 1600 1778 1687 SECULA
1791 1603 1876 1688 SE·

486 1716 768 1805 CULORUM
784 1721 1011 1808 exotcdirent
1026 1722 1084 1821 ii,
1114 1718 1181 1835 qni
1203 1722 1362 1837 propius
1373 1725 1576 1810 adstabant
1595 1782 1606 1804 .

549 1865 647 1951 23¹·
683 1837 813 1952 Quod
833 1841 952 1955 igitur
984 1839 1268 1956 Philostorgius
1297 1839 1484 1928 factionis
1512 1840 1690 1924 Arianae
1706 1838 1874 1945 fautor,

486 1975 528 2040 ot
549 1956 692 2041 assecla
710 1958 783 2071 (1)
798 1959 879 2060 ait;
900 1958 1125 2045 Flauianum
1142 1959 1419 2044 Antiochenam
1438 1960 1587 2044 collecta
1604 1962 1870 2045 monachorum

482 2074 721 2160 multitudine
741 2078 913 2194 primum
942 2078 1110 2162 omnium
1145 2081 1410 2172 acclamasse,
1442 2075 1649 2161 GLORIA
1678 2076 1873 2183 PATRI,

486 2192 556 2277 ET
573 2192 738 2297 FILIO,
757 2195 830 2280 ET
844 2197 1070 2284 SPIRITUl
1087 2194 1319 2286 SANCTO
1334 2224 1405 2282 etc.
1424 2195 1521 2297 ;id,
1538 2224 1584 2282 ut
1602 2193 1791 2307 conjicio,
1808 2195 1875 2281 in·

368 2379 373 2388 .
486 2311 619 2430 telligit
655 2314 703 2398 dc
724 2340 827 2401 reeta
859 2317 1032 2401 formula
1064 2314 1312 2433 glorificandi
1345 2320 1530 2413 Patrem,
1566 2338 1605 2397 et
1623 2312 1800 2416 Filium,
1833 2341 1873 2404 ct

444 2452 448 2458 ’
483 2432 677 2547 Spiritum
709 2463 922 2534 sanctum,
955 2433 1073 2548 cujus
1109 2434 1286 2552 primum
1315 2458 1522 2518 auctorem
1550 2430 1870 2518 comminiscitur

484 2547 606 2634 luisse
627 2550 887 2640 Flavianum:
904 2583 988 2639 non
1019 2555 1135 2669 quod
1149 2575 1293 2667 neget,
1321 2550 1498 2663 aliquam
1516 2548 1733 2636 formulam
1753 2550 1874 2635 adhi-

486 2666 570 2753 beri
605 2668 700 2754 olim
731 2673 1018 2773 consuevisse,
1050 2702 1133 2788 qua
1164 2670 1289 2788 gloria
1322 2672 1388 2758 SS.
1421 2666 1633 2753 Trinitatis
1662 2667 1875 2783 praedica·

485 2810 624 2878 tetur.

544 2934 643 3022 232.
676 2910 965 3000 intolerabilior
982 2937 1039 2998 est
1053 2936 1164 2993 error
1182 2908 1404 3025 Nicephori
1423 2903 1607 3005 Callisti,
1629 2904 1702 3016 qui
1721 2904 1794 3018 (2)
1810 2934 1876 2991 as-
1945 2939 1948 2948 ’

481 3051 666 3126 severat,
694 3028 807 3141 quod
824 3031 950 3119 Gloria
969 3032 1102 3125 Patri,
1134 3054 1172 3111 ec
1190 3027 1288 3110 Filio
1307 3089 1320 3126 ,
1353 3056 1391 3112 et
1412 3021 1574 3140 Spiritui
1586 3041 1723 3105 sancto
1740 3053 1765 3103 a
1784 3022 1877 3105 Fla-

480 3140 594 3232 viana
611 3146 875 3249 Antiocheno,
906 3146 1111 3259 arls'uoantc
1137 3146 1169 3229 C
1168 3146 1430 3262 hrysostomo,
1461 3161 1521 3224 est
1533 3139 1726 3226 inventum
1743 3171 1756 3241 ;
1780 3168 1877 3226 cum

481 3256 601 3377 louge
630 3292 720 3350 ante
741 3265 978 3353 Flavianum
999 3263 1307 3351 Antiochenum
1325 3258 1588 3359 lintistitem,
1618 3285 1656 3344 et
1672 3259 1713 3340 S.
1732 3255 1877 3371 Chry·

484 3403 707 3466 tostomum
740 3384 941 3470 simulatio
965 3381 1125 3470 Leontii
1165 3380 1399 3468 Aniocheni
1434 3376 1620 3494 Episcopi
1657 3373 1875 3478 acciderit,

485 3499 551 3582 eui
570 3502 761 3589 successit
777 3505 992 3591 Eudoxias
1010 3532 1123 3586 anno
1141 3528 1264 3617 359..
1296 3504 1442 3613 Neque
1469 3494 1630 3610 intelligi
1651 3517 1779 3609 potest
1795 3492 1875 3575 Ni-

485 3617 683 3735 siphorus
717 3621 878 3706 locutus
909 3628 957 3704 de
986 3619 1178 3705 Flaviano
1209 3618 1473 3704 Antiocheno
1503 3613 1738 3708 monach03
1775 3637 1874 3696 nam

484 3761 568 3938 auo
584 3763 762 3855 tempore
791 3739 822 3823 is
838 3738 1107 3823 orthodoxam
1123 3734 1423 3851 glorificationis
1445 3728 1660 3815 formulam
1679 3728 1872 3812 adversus

526 3851 690 3958 tianos,
721 3887 806 3942 non
833 3856 1013 3955 invenit,
1043 3852 1357 3969 sedpromovit,
1388 3876 1428 3936 et
1444 3873 1600 3934 tutatus
1635 3868 1723 3938 est,
1758 3870 1869 3927 non-

485 3971 585 4058 dum
603 3975 904 4093 Chrysotomus
929 3974 972 4058 in
991 4001 1038 4057 ea
1055 3999 1140 4059 erat
1157 3992 1284 4061 aetate
1312 3969 1583 4067 constitutus,
1616 3990 1663 4050 ut
1687 3957 1867 4050 Flaviani

482 4119 657 4179 conatus
671 4121 801 4212 posset
832 4092 1054 4210 adjuvare.
1083 4089 1276 4179 Flaviano
1295 4088 1498 4177 monacho
1525 4081 1786 4170 Antiocheno
1823 4078 1868 4164 in

484 4207 619 4292 choris
639 4212 794 4298 duasin
813 4239 943 4334 partes
960 4206 1188 4300 dividendis
1207 4210 1432 4324 adjutorem
1446 4206 1566 4292 fuisse
1581 4200 1871 4303 Theodorum,

483 4353 555 4411 teu
579 4324 816 4416 Diodorum
835 4330 1014 4420 narravit
1034 4326 1312 4417 Theodoretus
1328 4356 1448 4444 supra
1466 4320 1502 4444 §-
1519 4322 1627 4414 Vlll.
1645 4347 1753 4406 num.
1774 4345 1870 4431 30..

484 4442 623 4559 itaque
659 4477 707 4534 ut
722 4450 878 4535 Ariana
912 4449 1083 4538 haeresis
1111 4444 1302 4534 funditus
1317 4468 1584 4543 everteretur,
1619 4438 1873 4548 antiquaca·

483 4561 633 4650 tholica
651 4565 825 4652 formula
844 4566 1143 4684 glorificationis
1162 4564 1368 4679 aequalem
1382 4565 1580 4648 honorem
1597 4554 1729 4686 Patri,
1747 4548 1869 4656 Filio,

484 4705 522 4802 et
537 4682 704 4800 Spiritui
741 4713 881 4772 sancto
914 4689 1096 4775 tribuens
1126 4715 1150 4770 a
1186 4682 1412 4783 Consiliis,
1445 4712 1467 4767 a
1498 4680 1563 4765 SS.
1602 4673 1816 4805 Patribus,
1846 4697 1872 4755 a

490 4805 656 4892 cummis
673 4804 935 4896 Pontificibus
959 4806 1165 4894 vindicata
1183 4829 1269 4905 est,
1299 4831 1370 4905 et,
1404 4826 1451 4886 ut
1479 4790 1791 4910 frequentiustn
1807 4814 1874 4876 ec·

1434 4914 1474 5008 C
1508 4944 1529 5004 c
1561 4940 1588 5003 2

536 5068 590 5154 (ι)
618 5064 731 5154 Liba.
746 5088 821 5158 cap·
839 5086 873 5159 3.
979 5072 1032 5157 (a)
1060 5062 1199 5142 tibae.
1215 5077 1354 5156 capse.

1259 5212 1278 5247 Ι
