5084 6234
590 780 651 847 ro
1020 748 1547 848 DEHYMNIS

591 898 711 991 refert
740 897 957 1006 denotem
976 894 1152 1006 Hymnis
1166 918 1322 1010 praeter
1338 894 1508 1011 psalmos
1524 926 1573 986 ex
1592 897 1785 993 Mechlita
1801 902 1901 1020 (ι),
1930 934 1973 1002 et

591 1019 793 1138 Targum,
810 1013 1126 1108 siveChaldaeo
1143 1016 1403 1129 Paraphraste
1412 1015 1508 1131 (2),
1524 1048 1703 1134 quorum
1718 1023 1895 1138 primum
1912 1055 1971 1113 ce.

591 1137 769 1228 cinerint
788 1133 984 1223 israelitae
1010 1132 1054 1220 in
1073 1131 1258 1251 Aegypto
1273 1195 1288 1233 ,
1305 1133 1422 1245 quod
1436 1163 1485 1219 ex
1506 1134 1605 1221 lsaia
1622 1139 1696 1255 (3)
1709 1141 1937 1257 conjiciunt
1957 1209 1969 1234 .

590 1255 886 1368 Dubitandum
920 1279 1056 1341 tamen
1075 1281 1163 1336 non
1179 1278 1257 1352 est,
1288 1250 1392 1367 quin
1410 1255 1567 1364 Hymni
1597 1284 1745 1344 nomen
1771 1289 1970 1352 mereatur

586 1375 799 1464 cauticum
813 1399 904 1490 post
937 1372 1152 1459 transitum
1184 1371 1305 1458 maris
1335 1368 1448 1457 rubri
1476 1402 1498 1456 a
1530 1374 1676 1483 Moyse
1707 1407 1802 1464 cum
1834 1383 1969 1471 ceteris

589 1493 771 1585 Israelitis
802 1493 1095 1593 decantatum,
1127 1491 1175 1575 de
1210 1523 1297 1605 quo
1329 1489 1497 1576 Exodus
1515 1490 1590 1607 (4)
1603 1550 1633 1591 ‚‚
1669 1494 1793 1582 Tunc
1823 1500 1970 1592 cecinit

586 1670 620 1714 „
650 1614 814 1731 Moyses
828 1640 991 1700 carmen
1005 1613 1083 1697 hoc
1100 1609 1311 1712 Domino,
1343 1635 1384 1697 et
1399 1607 1620 1697 dixerunt:
1651 1638 1862 1699 cantemus
1880 1622 1970 1703 Do-
2070 1611 2076 1620 ’

586 1788 618 1834 „
650 1736 765 1822 mino
780 1761 856 1822 etc.
873 1795 901 1834 ,‚
920 1757 958 1816 et
973 1728 1046 1844 (5)
1063 1795 1089 1832 „
1120 1728 1299 1846 Sumpsit
1325 1760 1421 1845 ergo
1439 1727 1574 1813 Maria
1592 1730 1838 1845 prophetissa
1854 1762 1970 1824 soror

583 1910 613 1953 „
643 1851 787 1940 Aaron
806 1879 1049 1967 tympanum
1066 1851 1109 1933 in
1144 1877 1273 1933 manu
1291 1877 1365 1932 sua
1385 1909 1397 1946 ,
1429 1874 1684 1962 egressaeque
1702 1876 1799 1938 sunt
1824 1881 1966 1941 omnes

583 2031 612 2071 ,‚
643 1972 828 2057 mulieres
844 1995 934 2106 post
946 1996 1036 2051 eam
1054 1998 1150 2056 eum
1164 1965 1368 2082 tympanis
1382 2022 1396 2061 ‚
1411 1988 1453 2050 et
1466 1964 1601 2052 choris
1614 2028 1629 2066 ‚
1648 1969 1801 2080 quibus
1816 1972 1967 2087 praeci-

488 2119 490 2123 *
582 2143 612 2189 ‚,
645 2094 770 2177 nebat
784 2153 797 2191 ,
811 2088 951 2174 dicens
967 2115 980 2169 t
999 2115 1207 2175 cantemus
1224 2086 1411 2172 Domino
1426 2106 1503 2176 etc.
1521 2146 1548 2185 „
1566 2137 1594 2168 ‚.

649 2238 716 2291 11.
748 2205 856 2322 Quis
871 2203 981 2291 enim
996 2205 1204 2323 perspicue
1235 2206 1279 2289 in
1297 2205 1359 2290 his
1389 2203 1520 2291 verbis
1538 2233 1623 2289 non
1640 2204 1801 2305 videat,
1833 2212 1967 2299 canti-

584 2355 678 2410 cum
693 2324 851 2441 Moysis
868 2354 1009 2414 uerum
1020 2322 1247 2438 hymnum,
1264 2351 1509 2435 carmenque
1528 2322 1570 2406 in
1587 2320 1751 2407 liudem
1769 2324 1849 2408 Dei
1867 2328 1967 2416 fuis·

579 2444 657 2530 se‘l
677 2444 806 2557 Atqui
822 2444 877 2527 ad
896 2443 1019 2556 hujus
1035 2441 1183 2528 cantici
1202 2442 1468 2526 imitationem
1481 2440 1753 2555 ‘therapeutas
1787 2445 1967 2551 hymnos

576 2594 674 2649 suos
693 2560 878 2649 cecinisse
895 2620 908 2659 ,
924 2586 1067 2646 auctor
1083 2584 1142 2646 est
1158 2559 1271 2645 Philo
1288 2560 1465 2644 Iudaeus
1488 2557 1587 2671 (6),
1614 2556 1965 2669 quemadmodum

574 2681 702 2803 paulo
733 2703 835 2796 post
854 2678 1162 2779 enarrabimus,
1191 2676 1466 2793 disputaturi,
1494 2676 1699 2763 fuerintne
1732 2677 1967 2797 Therapeu·

577 2822 642 2883 tae
661 2794 839 2884 Philonis
853 2794 969 2914 primi
992 2797 1044 2880 illi
1061 2796 1269 2883 christiani
1286 2857 1299 2895 ‚
1316 2794 1389 2911 qui
1407 2796 1542 2882 subs.
1557 2797 1703 2882 Marco
1719 2794 1765 2880 in
1782 2797 1966 2886 Alexan·

580 2912 666 3000 dria
685 2916 851 3003 summis
864 2913 1086 3004 virtutibus
1099 2913 1334 3005 eminebant
1352 2975 1363 2998 .
1385 2912 1549 2998 Interim
1576 2912 1672 2999 saris
1686 2912 1809 3000 fuerit
1827 2946 1964 3004 anno-

577 3055 678 3119 tasse
695 3099 708 3136 ,
723 3036 928 3123 Hebraeos
953 3061 1063 3120 mare
1078 3035 1250 3121 rubrum
1267 3030 1487 3119 incolumes
1504 3027 1686 3118 transisse
1706 3053 1819 3118 ¹anno
1836 3067 1962 3122 mun-

577 3150 623 3234 di
645 3184 699 3268 33
706 3183 795 3268 57„
811 3155 980 3239 et'anno
994 3176 1089 3239 ante
1108 3181 1240 3239 aeram
1252 3149 1514 3239 christianam
1535 3178 1659 3266 1534.
1678 3212 1689 3234 .
1709 3148 1843 3263 Quod
1869 3178 1962 3243 tem·

574 3297 652 3385 pus
671 3272 740 3357 uix
767 3271 928 3357 fabulae
958 3272 1210 3358 Graecorum
1225 3270 1432 3386 attingunt
1449 3332 1459 3353 .
1477 3269 1701 3358 Canticum
1717 3269 1878 3385 Moysis
1911 3293 1961 3366 ert

572 3386 734 3478 calculis
752 3388 1042 3505 chronologicis
1058 3388 1225 3488 Usserii,
1241 3387 1462 3487 Nerusii,
1480 3412 1519 3474 et
1533 3386 1741 3474 Bedfordii
1758 3387 1862 3502 ipsos
1878 3389 1961 3477 du-

570 3533 711 3591 centos
743 3507 874 3593 annos
900 3516 1002 3592 ante
1029 3506 1240 3623 Orpheum
1266 3506 1389 3595 fuisse
1422 3506 1719 3622 compositum,
1747 3507 1959 3599 confirmat

572 3622 849 3716 eruditisimus
866 3626 1102 3743 Alphonsus
1119 3622 1280 3713 Nicolai
1294 3625 1395 3744 (7).

1180 3860 1220 3985 h.
1261 3863 1343 3951 lV.

977 3991 979 3997 Ι
1000 3994 1227 4148 Iudaeorum
1259 4043 1482 4158 Hymnodiu
1500 4027 1519 4128 ¹.

575 4244 644 4308 ια.
660 4159 804 4309 Plura
831 4215 910 4303 alia
919 4224 976 4307 'ex
988 4222 1135 4311 Veteri
1144 4223 1405 4311 Testamento
1432 4222 1488 4309 ad
1511 4219 1620 4308 hanc
1644 4248 1727 4308 rem
1745 4220 1955 4309 illustran-

570 4335 668 4428 dam
677 4337 858 4463 prolerr'e
872 4337 986 4448 licet,
999 4373 1109 4462 quae
1127 4343 1297 4435 breuiter
1310 4341 1586 4461 percensenda
1604 4365 1734 4447 sunt;
1751 4343 1949 4461 quoniam

617 4568 670 4654 (ι)
694 4555 736 4626 1¹¹
751 4556 924 4631 ’tv-Exodi
941 4583 960 4631 α’
1340 4565 1399 4649 (6)
1435 4560 1514 4631 Lib.
1541 4562 1584 4631 de
1608 4560 1692 4630 'Vita
1726 4551 1947 4641 Contempla-

494 4672 507 4745 ρ’
615 4664 671 4749 (a)
697 4655 736 4725 ln
754 4656 895 4730 Cantica
913 4657 1018 4733 Cant.
1280 4658 1378 4741 tiva,
1405 4656 1478 4727 rive
1503 4660 1547 4729 de
1572 4658 1774 4752 Supplicum
1801 4650 1945 4724 Virtuti·

611 4761 668 4847 (3)
695 4752 786 4840 ΟΨ·
804 4774 859 4843 30·
876 4779 914 4825 V·
932 4782 990 4847 29·
1283 4757 1374 4828 bus.
1873 4819 1876 4824 .

615 4859 668 4948 (4)
698 4847 937 4937 C³P·¹5·v·1·
1333 4860 1387 4947 (7)
1413 4852 1562 4932 Disserr.
1575 4846 1940 4941 Leodamantem-9.

570 4959 666 5046 .‚(5)
695 4946 794 5023 Vere.
813 4974 872 5024 ao.
1280 4947 1420 5029 dissert.
1436 4976 1473 5052 7.
1502 5025 1508 5036 ,
