5084 6234
904 848 1459 941 nisenutcn
1796 853 1883 954 esa

841 992 1072 1083 Annotavit
1102 991 1240 1081 litteris
1273 1057 1288 1096 ,

840 1110 1061 1229 Sanguinis
1095 1111 1200 1197 notis
1231 1135 1272 1198 ct
1304 1109 1411 1198 idem

838 1234 992 1348 Scripta
1018 1229 1133 1317 terris
1160 1230 1356 1317 tradidit.

712 1373 751 1436 t.
782 1351 906 1439 Pollet
939 1351 1018 1436 hoc
1052 1349 1168 1436 lbera
1195 1350 1312 1441 tellus

712 1496 753 1559 2.
844 1469 1069 1561 invidenda
1103 1496 1338 1559 stemmate:

838 1591 918 1676 Hic
949 1585 1064 1674 locus
1102 1587 1253 1706 dignus
1285 1584 1471 1679 tenendis

838 1709 1013 1795 Ossibus
1054 1710 1165 1794 visus
1199 1708 1340 1808 Deo,

842 1826 933 1941 Qui
968 1826 1178 1913 beatorum
1208 1827 1388 1945 pudicus

837 1948 951 2033 Esset
979 1942 1124 2064 hospes
1151 1975 1407 2064 corporum.

782 2062 860 2153 Hic
888 2064 1062 2150 calentes
1093 2065 1231 2154 hausit
1260 2066 1398 2152 undas

836 2183 976 2271 Caede
1009 2182 1154 2270 tinctas
1187 2184 1379 2301 duplici;

835 2301 954 2386 illitas
990 2326 1136 2386 cruore
1171 2326 1316 2388 sancto

833 2421 963 2503 Nunc
994 2442 1139 2502 arenas
1170 2417 1325 2505 incolae

834 2533 1198 2649 confrequentant
1238 2538 1500 2626 obsecrantes

832 2655 978 2762 Voce,
1009 2655 1147 2764 votis,
1177 2685 1346 2751 munere
1359 2685 1395 2748 ’.

472 2889 663 2974 existimavi
692 2889 924 2980 bostrenus,
950 2920 1135 2998 quossuo
1209 2901 1298 2978 bulis
1311 2895 1584 2981 Graeeolatinis,
1613 2898 1646 2972 in
1675 2898 1893 2994 quibusac·¹

472 2996 591 3071 ordine
605 2991 773 3066 annotabo
790 3017 801 3075 ὅ
962 3006 970 3012 “
1208 3019 1328 3072 centus
1345 2997 1564 3091 aquantitate
1580 2997 1774 3079 discordat,
1786 3018 1867 3068 cor·

497 3118 530 3171 1.
556 3090 665 3163 Pollet
678 3086 906 3187 hocfelixpec
918 3091 1032 3169 orbem
1206 3096 1290 3185 ripit
1308 3094 1477 3187 syllabam
1495 3094 1658 3186 longam,
1689 3114 1729 3167 ut
1750 3092 1783 3164 in
1795 3106 1880 3167 ma

491 3218 537 3272 ι.-
557 3196 659 3263 Terra
673 3184 770 3257 lbera
783 3202 978 3262 stemmate.
1202 3184 1307 3265 thesis
1320 3237 1332 3274 ,
1341 3191 1464 3292 poesis,
1474 3189 1658 3290 phrenesis,
1678 3190 1759 3290 quis
1771 3191 1864 3285 apud

495 3312 529 3387 3.
556 3296 651 3360 torte
665 3300 741 3360 tanc
759 3301 856 3358 atrox
868 3289 1030 3363 secundos
1203 3290 1358 3366 Graecos
1373 3292 1435 3363 hae
1448 3312 1551 3364 soees
1567 3309 1737 3366 acuuntur
1752 3289 1786 3362 in
1799 3313 1862 3363 sn·

492 3416 530 3488 4.
557 3394 611 3455 lte
624 3388 668 3458 ad
682 3406 776 3457 atam
789 3387 934 3476 jusserat
943 3434 958 3472 ,

492 3501 538 3578 5:
550 3484 655 3556 Idolis
673 3483 771 3558 litate
785 3487 895 3581 nigris
906 3536 930 3569 ,-

488 3591 523 3661 6.
551 3583 996 3658 Mammonaedicabimsr?
1198 3584 1365 3659 Prosodia
1397 3584 1605 3659 bononiensi
1647 3585 1857 3671 reformata.

488 3709 526 3782 7.
554 3681 723 3756 Gravibas
737 3681 843 3754 ambit
867 3680 1003 3755 circlis.
1195 3686 1325 3785 parad.
1344 3687 1533 3757 descrentes
1546 3698 1620 3784 cap.
1638 3702 1670 3769 ς.
1686 3681 1856 3778 regulas.

490 3785 526 3860 8.
553 3784 793 3858 Praemisatdo
812 3784 1021 3855 ostenderent
1034 3787 1050 3860 .“
1195 3790 1333 3854 ectetas
1357 3786 1474 3866 esim,
1502 3781 1577 3865 ait,
1597 3788 1797 3863 Gsetssrss,
1821 3791 1864 3852 et.

487 3903 525 3972 o.
551 3883 676 3980 talgor
691 3882 770 3956 auri
785 3878 1023 3961 absconditur,
1195 3904 1254 3956 aas
1268 3894 1366 3981 saepe
1381 3880 1615 3963 advertisses,
1631 3877 1853 3956 accestsssis

467 3999 525 4056 so.
552 3982 788 4057 &sinebantur
802 4002 904 4082 usqae
918 3983 953 4053 is
966 3993 1083 4065 astra,
1198 3979 1443 4054 Graccoiatiais
1481 3975 1658 4055 vocabulis
1685 3977 1851 4077 decepisse
1893 4063 1896 4070 Ι

467 4100 525 4157 rs.
549 4087 610 4152 see
622 4097 755 4182 stupore
770 4081 935 4184 oppalluit
950 4128 961 4153 .
1189 4092 1307 4180 poetas
1321 4079 1471 4178 aliquos,
1491 4094 1524 4152 ct
1535 4073 1649 4154 assasse
1664 4080 1698 4155 isc
1716 4075 1851 4177 qssstl·

461 4177 606 4250 Praeter
618 4199 762 4265 versus,
787 4182 845 4277 qui
872 4183 918 4254 ob
943 4177 1121 4257 elisionem
1192 4195 1260 4253 tate
1284 4177 1446 4279 peccandi
1475 4176 1659 4252 obtulisse.
1687 4179 1740 4249 Sic
1765 4173 1849 4273 peis

462 4275 724 4360 excluduntur,
750 4277 862 4351 delevi
894 4300 1030 4352 versum
1053 4300 1116 4368 3.,
1190 4298 1313 4372 graece
1340 4274 1520 4361 scribitss,
1546 4293 1580 4350 et
1603 4275 1848 4379 pronunciasse

462 4377 782 4475 quiadeestsensus
810 4377 1116 4454 inadverbiotent·
1177 4375 1345 4460 illatas,
1381 4390 1415 4447 et
1438 4372 1603 4455 A’cisssac
1647 4371 1859 4474 ,quamvis

459 4475 556 4574 potis
584 4488 686 4554 tunt,
709 4476 801 4565 quod
822 4476 854 4548 in
882 4476 1116 4574 hymnoPru·
1179 4476 1369 4575 penultima
1380 4475 1427 4548 sit
1438 4475 1563 4571 lasga,
1589 4491 1699 4548 tames
1715 4468 1846 4543 Testsl·

458 4567 567 4650 dentii
599 4573 640 4647 ad
667 4593 786 4643 versus
811 4577 1053 4665 praecedentes
1081 4576 1116 4652 in
1184 4576 1322 4660 iisset,
1348 4588 1463 4649 costra
1477 4575 1717 4654 Marcionem,
1743 4563 1843 4641 ldols

459 4666 526 4749 li'oc
542 4677 673 4772 hymno
691 4669 944 4762 praetermissos
969 4672 1117 4754 relatum
1183 4701 1268 4750 vana
1293 4673 1420 4771 sequi,
1448 4676 1583 4744 turbato
1613 4668 1676 4741 sibi
1708 4667 1840 4838 inpete

462 4781 554 4845 tecte
568 4767 726 4868 procedit
739 4814 749 4839 .
764 4770 802 4842 ln
821 4791 850 4855 5.
868 4791 966 4845 versu
981 4769 1019 4846 lit
1034 4772 1114 4847 bre·
1181 4774 1343 4852 Divum·
1365 4777 1481 4866 Atque
1511 4770 1570 4862 pio
1593 4764 1742 4859 suscepit
1790 4762 1841 4840 ni·

470 4857 513 4942 tis
527 4873 672 4944 secunda
686 4867 815 4964 syllaba
830 4872 861 4942 in
880 4867 993 4954 Idolis,
1010 4868 1116 4948 idem·
1182 4892 1278 4947 cetus
1292 4875 1413 4960 ordine
1427 4866 1745 4942 sortemnaettsosiss
1758 4885 1840 4964 qso·

473 4974 527 5056 tjue
555 4970 678 5044 accidit
705 4968 738 5044 in
757 4992 964 5044 nrammotsae
988 4971 1020 5044 in
1040 4995 1113 5047 ver*
1180 4996 1245 5071 que
1259 4985 1397 5043 accessa
1408 4991 1531 5065 graeco
1546 4967 1676 5040 delusas
1690 4967 1723 5038 in
1738 4961 1847 5035 sossi·

466 5089 500 5142 u
518 5073 581 5149 6..
611 5070 719 5168 Saepe
735 5070 945 5147 Prudentius
961 5071 1114 5154 intrata·
1167 5073 1255 5151 'site
1274 5072 1507 5169 mimos
1515 5115 1528 5156 2
1559 5083 1592 5144 θ’
1608 5065 1848 5154 Tffllvffiffi

1967 5191 1972 5198 .

1779 5257 2188 5533 n

1791 5453 1795 5460 .
