5084 6234
954 790 1613 886 nccrrsrasrrcrs
1904 830 1984 925 153

570 946 624 1033 in
641 937 851 1034 communi
870 933 1138 1055 plurimorum
1156 937 1392 1049 Martyrum
1415 940 1469 1023 ad
1487 936 1763 1027 matutinum.
1799 933 1842 1024 S.
1863 942 1976 1056 Gre-⁴

573 1064 677 1184 gorii
693 1093 742 1149 ex
759 1057 999 1156 Timotheo,
1014 1055 1259 1142 &Ambrosii
1277 1084 1325 1140 ex
1343 1057 1429 1174 ejus
1444 1059 1656 1175 operibus3
1675 1083 1734 1145 ost
1747 1057 1857 1144 enirn
1873 1073 1967 1181 'pars

572 1182 718 1300 hymni
735 1217 745 1266 a
762 1180 938 1265 heterna
956 1171 1112 1260 Christi
1129 1200 1325 1273 munera,
1341 1206 1464 1289 quem
1479 1177 1596 1265 vide.

577 1365 608 1407 „
622 1303 787 1389 Consors
794 1292 948 1414 paterni
964 1292 1117 1377 luminis
1134 1355 1142 1374 .
1158 1291 1268 1377 Feria
1287 1295 1350 1377 lll.
1372 1295 1424 1379 ad
1440 1295 1701 1382 matutinum.
1719 1294 1967 1388 S.Ambroaii

574 1450 625 1509 est
644 1420 897 1513 Hincmaro‚
928 1435 966 1496 et
995 1410 1216 1522 hymnario
1251 1414 1304 1496 V.
1322 1412 1452 1499 Card.
1473 1413 1714 1515 Thomasii,
1738 1444 1833 1500 eum
1866 1419 1969 1506 reci-

573 1540 699 1658 piunt
714 1532 902 1623 Maurini
921 1592 933 1613 .
1775 1609 1778 1620 .

574 1658 725 1774 Corpus
753 1657 887 1738 domas
908 1644 1072 1763 jejuniis
1090 1711 1100 1734 .
1118 1648 1193 1734 Die
1214 1677 1282 1734 20.
1306 1648 1494 1738 Octobris
1512 1652 1554 1735 in
1570 1651 1668 1741 festo
1684 1657 1725 1739 S.
1742 1654 1804 1751 J0:
1824 1649 1968 1744 Cantii

574 1777 631 1862 ad
646 1771 893 1861 matutinum
907 1830 917 1852 .
929 1773 1024 1852 Pars
1038 1768 1184 1883 hymni
1202 1803 1213 1852 a
1232 1768 1362 1853 Gentis
1378 1772 1542 1855 Polonrre
1560 1773 1825 1890 glorin,quem
1843 1772 1935 1862 vide
1953 1835 1966 1857 .

578 1949 612 1999 ‚‚
639 1895 799 1982 Creator
827 1888 926 1973 olane
941 1887 1104 1973 siderum
1122 1947 1132 1968 .
1152 1886 1276 1986 olim,
1294 1887 1500 1975 Conditor
1520 1888 1618 1973 alme
1635 1892 1842 1979 siderum.
1878 1893 1974 1981 sab·

576 2016 673 2102 bato
693 2038 785 2098 ante
814 2004 1072 2091 Dominicam
1087 2005 1254 2125 primam
1271 2005 1487 2095 Adventus
1503 2008 1557 2092 ad
1587 2040 1770 2130 vesperas
1790 2074 1801 2096 .
1820 2013 1860 2097 S.
1870 2010 1976 2098 Am·.

577 2130 701 2218 brosii
724 2158 775 2216 ex
805 2127 861 2213 V.
877 2124 1127 2210 Thomasio.
1874 2211 1877 2218 ,
1942 2203 1960 2217 ,.

574 2245 743 2336 Crudelis
774 2246 945 2331 Herodes
972 2244 1131 2329 Deum.
1166 2242 1305 2345 olim,
1341 2245 1476 2329 Hostis
1509 2243 1692 2333 Herodes
1725 2250 1881 2368 impie.
1920 2249 1967 2336 ln

573 2366 803 2483 Epiphania
819 2363 985 2449 Domini
1003 2362 1055 2446 ad
1084 2390 1267 2477 vesperas
1285 2427 1295 2447 .
1311 2361 1462 2447 Sedulii
1480 2362 1551 2481 (a)
1571 2422 1581 2444 .

593 2559 598 2568 .
637 2509 732 2598 179:
763 2483 942 2570 Custodes
955 2480 1148 2566 hominum
1165 2482 1366 2596 psallimus
1385 2482 1558 2601 Angelos
1579 2537 1588 2558 ·
1609 2482 1686 2568 Die
1715 2514 1756 2571 2.
1774 2482 1966 2573 Octobris

539 2617 542 2622 ’
572 2599 830 2719 ard-vesperas
849 2664 859 2685 .
891 2599 979 2714 Qui
996 2600 1149 2685 factum
1164 2599 1285 2687 fuisse
1305 2600 1464 2687 credam
1480 2663 1493 2701 ,
1509 2623 1559 2685 ut
1575 2598 1618 2683 in
1640 2603 1842 2693 breviario
1859 2601 1967 2689 Clu-

570 2719 750 2810 niaccnsi
780 2720 875 2807 antri
895 2717 1020 2806 1686.
1053 2720 1118 2804 hic
1135 2720 1318 2831 hymnus
1339 2717 1644 2809 venustissimus
1673 2720 1778 2813 inter
1814 2750 1966 2813 ceteros

1659 2841 1701 2927 V

596 3021 601 3036 ⁴
628 3027 680 3116 (ι)
710 3023 868 3095 Erasmus
885 3021 1031 3116 primum
1059 3025 1159 3105 huius
1176 3026 1243 3119 hy·
1293 3068 1317 3104 „
1332 3021 1386 3092 sit:
1401 3025 1549 3095 Herodes
1563 3024 1663 3095 hostis
1678 3025 1872 3121 impie.Jam
1891 3020 1971 3115 Epi·

577 3122 940 3205 mnieersumaliter,
979 3146 1087 3215 neque
1116 3121 1242 3212 inepte,
1295 3124 1468 3202 „thetum
1498 3124 1599 3218 imple
1627 3120 1767 3195 mollius
1802 3128 1969 3195 cohaeret

580 3218 715 3291 restitui
731 3221 893 3291 voebat.
925 3219 1003 3301 Ejus
1032 3221 1136 3290 verba
1154 3221 1243 3290 dabo
1294 3241 1411 3301 „cum
1428 3219 1555 3303 hostis,
1582 3245 1681 3313 quam
1701 3219 1779 3292 cu‘m
1799 3221 1963 3294 Herodes.

579 3340 624 3390 ea
655 3314 826 3413 colloquio
856 3318 1013 3389 convivii
1037 3318 1194 3389 Partiri.
1218 3365 1242 3399 „
1293 3365 1317 3400 ,‚
1337 3316 1446 3387 Porro
1478 3318 1637 3411 quoniam
1675 3322 1822 3390 Herodes
1853 3318 1962 3392 dictio

579 3462 607 3499 „
623 3421 746 3487 crata.
772 3415 867 3497 Scis.
894 3415 1029 3498 Hilari,
1061 3415 1143 3509 quid
1161 3438 1238 3509 pro·
1288 3464 1312 3499 ,‚
1330 3438 1449 3509 graeca
1477 3435 1552 3500 est,
1583 3452 1597 3487 n
1612 3417 1759 3490 vertitur
1773 3418 1805 3489 in
1827 3465 1829 3469 -
1862 3417 1895 3489 in
1912 3439 1967 3488 ca·

576 3561 603 3600 ‚,
618 3515 750 3585 vinciae
768 3530 801 3585 te
815 3515 939 3586 vellem
956 3514 1239 3607 susciperefflr‘-
1288 3538 1369 3597 „su
1407 3517 1550 3588 vocandi
1583 3563 1594 3598 ,
1636 3534 1675 3588 ut
1704 3514 1901 3602 turpisne,
1940 3514 1962 3582 d

582 3658 609 3698 „
620 3610 752 3696 lerr'tts,
785 3613 893 3685 Sciam
908 3662 919 3696 ‚
947 3612 974 3685 si
1001 3613 1129 3686 dixeris
1146 3660 1156 3682 .
1186 3621 1240 3683 Cr.
1294 3660 1317 3695 „
1330 3610 1499 3698 Σῦκριτκ
1515 3634 1582 3685 etc.
1605 3662 1616 3682 .
1632 3614 1814 3687 Eiristios
1829 3612 1963 3707 generis

578 3710 760 3797 „Chorus
785 3712 875 3783 canit
900 3715 1046 3806 hymnos
1077 3716 1241 3803 quosdam
1292 3758 1316 3793 ,‚
1332 3710 1452 3802 etipse
1467 3710 1636 3803 permulta
1650 3710 1776 3784 offendi
1794 3759 1806 3792 ,
1834 3734 1895 3783 nec
1910 3709 1957 3802 pi·

577 3854 606 3896 ,‚
619 3831 684 3883 sota
699 3810 872 3892 indoctos,
906 3813 962 3881 sed
975 3826 1039 3906 per
1066 3811 1239 3889 indoctos,
1291 3855 1317 3892 ,,
1337 3807 1431 3902 gebit
1445 3808 1528 3880 olim
1559 3809 1638 3881 huic
1661 3808 1709 3881 rei
1738 3809 1872 3904 aliquot
1890 3807 1967 3880 die·

578 3956 606 3996 „
622 3907 735 3982 multis
749 3908 1057 4004 locisdepravaton
1072 3932 1129 3978 eos
1143 3930 1243 3999 cupe·
1293 3955 1317 3992 „
1337 3931 1410 3977 rum
1439 3906 1591 3999 opellam
1624 3910 1731 3979 dare.
1763 3907 1852 3980 Nam
1887 3903 1971 3981 mihl

580 4054 608 4093 ,‚
625 4029 696 4079 rem
715 4024 771 4078 toa
784 4030 890 4099 opera
917 4007 1014 4079 nobis
1031 4005 1183 4078 restitui.
1200 4004 1245 4077 Ut
1295 4054 1319 4089 „
1334 4004 1476 4077 videtur
1488 4005 1697 4079 Ambrosias
1713 4004 1746 4077 io
1764 4007 1830 4078 hoc
1845 4003 1970 4079 carmi·

582 4149 611 4192 ‚2
631 4119 742 4177 sutem
758 4105 953 4197 exemplum
972 4106 1165 4196 proferam,
1199 4104 1246 4174 ita
1294 4152 1319 4187 ‚,
1336 4128 1449 4176 nenon
1465 4128 1584 4197 parom
1600 4106 1725 4176 habere
1737 4104 1969 4198 gratiaeaadea

572 4249 613 4289 ,,,
625 4201 774 4274 canimus
791 4232 799 4272 =
828 4206 941 4274 Hostis
961 4206 1108 4275 Herodes
1135 4202 1251 4299 impie·
1302 4251 1327 4285 „
1341 4204 1412 4275 lere
1431 4203 1505 4277 finit
1521 4221 1667 4276 mettum
1687 4201 1838 4276 dictione
1853 4200 1971 4297 trisyl-

582 4348 611 4386 ,‚
629 4308 751 4393 §tegent
764 4304 880 4373 venire
896 4304 977 4398 quid
991 4304 1115 4372 times?
1148 4303 1251 4372 Ordo
1300 4302 1411 4384 „laba
1428 4351 1439 4384 ‚
1479 4320 1513 4373 et
1528 4325 1701 4374 caesuram
1717 4301 1790 4374 fere
1820 4298 1970 4372 collocat

568 4471 573 4488 ,
588 4445 614 4483 „
630 4396 792 4471 dictionis
808 4404 905 4471 unios
916 4399 1067 4472 inversus
1079 4400 1252 4493 geminum
1305 4448 1330 4484 „
1345 4402 1378 4473 in
1392 4400 1458 4472 fine
1473 4400 1645 4474 dictionis.
1662 4401 1701 4473 ld
1715 4399 1869 4472 crebrius
1881 4397 1970 4487 apud

582 4544 608 4582 „
627 4496 1256 4571 vitiuminvexitcarmini.Namlrostis
1306 4545 1330 4583 „
1350 4523 1425 4571 eum
1457 4500 1519 4581 fit,
1550 4523 1651 4593 quam
1677 4514 1714 4568 ut
1729 4520 1824 4568 casus
1857 4492 1970 4567 videri

585 4619 704 4681 „aum
722 4598 922 4668 trochaeum
937 4597 1085 4680 efficiat,
1114 4595 1248 4669 nullum
1302 4644 1326 4679 ,‚
1343 4597 1451 4690 possit
1469 4644 1481 4667 .
1509 4597 1541 4666 Si
1560 4595 1725 4688 quaeritis
1744 4590 1940 4686 exemplum
1957 4620 1969 4663 s

583 4693 728 4775 „habet
742 4692 856 4767 locum
873 4693 905 4764 in
918 4696 1067 4768 carmine
1083 4695 1249 4767 iambicos
1301 4744 1326 4779 „
1338 4706 1428 4768 Deus
1444 4709 1574 4766 creator
1590 4721 1599 4763 a
1618 4691 1673 4762 hic
1691 4710 1740 4762 est
1768 4686 1970 4763 Penthemi·

583 4835 611 4874 „
623 4790 658 4862 et'
673 4790 752 4863 bero
772 4795 961 4884 spondaeus
987 4818 1051 4864 non
1079 4791 1248 4885 recipitur
1296 4841 1321 4876 „
1335 4794 1449 4873 meris,
1474 4788 1664 4871 accinitur,
1681 4789 1828 4860 omnium
1845 4814 1856 4859 a
1873 4789 1970 4860 vott-

545 4917 554 4926 ·
584 4932 611 4969 ι,
628 4894 781 4968 secunda
797 4894 904 4965 sede.
922 4893 999 4963 Nec
1016 4892 1155 4963 dubium
1175 4907 1225 4961 est
1243 4937 1255 4973 ,
1306 4938 1331 4974 „
1345 4911 1410 4987 que
1424 4904 1533 4959 rector
1551 4912 1563 4973 ς
1595 4885 1784 4968 accinitur,
1812 4888 1968 4971 verticosa

582 5030 609 5069 ,‚
628 4984 709 5080 quin
731 5013 851 5063 versus
868 4989 915 5063 ita
932 4990 1082 5084 primum
1110 4987 1255 5084 scriptus
1303 5037 1329 5075 ,‚
1342 4988 1440 5060 Diem
1456 4984 1901 5074 decora,accinitar,lrtrerire
1912 5027 1971 5066 ,,.
