<?xml version="1.0" encoding="UTF-8"?>
<!DOCTYPE html PUBLIC "-//W3C//DTD XHTML 1.0 Transitional//EN"
    "http://www.w3.org/TR/xhtml1/DTD/xhtml1-transitional.dtd">
<html xmlns="http://www.w3.org/1999/xhtml" xml:lang="en" lang="en">
 <head>
  <title>
</title>
<meta http-equiv="Content-Type" content="text/html;charset=utf-8" />
  <meta name='ocr-system' content='tesseract 3.04.00' />
  <meta name='ocr-capabilities' content='ocr_page ocr_carea ocr_par ocr_line ocrx_word'/>
</head>
<body>
  <div class='ocr_page' id='page_1' title='image "./hymnodiahispani00argoog/hymnodiahispani00argoog_0292.png"; bbox 0 0 5084 6234; ppageno 0'>
   <div class='ocr_carea' id='block_1_1' title="bbox 1003 801 1567 896">
    <p class='ocr_par' dir='ltr' id='par_1_1' title="bbox 1003 801 1567 896">
     <span class='ocr_line' id='line_1_1' title="bbox 1003 801 1567 896; baseline 0.011 -6"><span class='ocrx_word' id='word_1_1' title='bbox 1003 801 1567 896; x_wconf 71' lang='lat' dir='ltr'>¹HY&#39;MNODIA&#39;</span> 
     </span>
    </p>
   </div>
   <div class='ocr_carea' id='block_1_2' title="bbox 575 946 1975 2607">
    <p class='ocr_par' dir='ltr' id='par_1_2' title="bbox 575 946 1975 2607">
     <span class='ocr_line' id='line_1_2' title="bbox 892 946 1390 1060; baseline -0.002 -28"><span class='ocrx_word' id='word_1_2' title='bbox 892 948 998 1034; x_wconf 83' lang='lat' dir='ltr'><strong>Felix</strong></span> <span class='ocrx_word' id='word_1_3' title='bbox 1030 946 1190 1034; x_wconf 77' lang='lat' dir='ltr'>refulsit</span> <span class='ocrx_word' id='word_1_4' title='bbox 1213 946 1390 1060; x_wconf 88' lang='lat' dir='ltr'>denique</span> 
     </span>
     <span class='ocr_line' id='line_1_3' title="bbox 946 1063 1415 1154; baseline -0.004 -2"><span class='ocrx_word' id='word_1_5' title='bbox 946 1069 1069 1154; x_wconf 78' lang='lat' dir='ltr'>fastis</span> <span class='ocrx_word' id='word_1_6' title='bbox 1099 1063 1183 1149; x_wconf 85' lang='lat' dir='ltr'>dies</span> <span class='ocrx_word' id='word_1_7' title='bbox 1215 1063 1415 1151; x_wconf 84' lang='lat' dir='ltr'>Ecclesiae</span> 
     </span>
     <span class='ocr_line' id='line_1_4' title="bbox 944 1179 1641 1283; baseline 0 -14"><span class='ocrx_word' id='word_1_8' title='bbox 944 1180 1175 1283; x_wconf 87' lang='lat' dir='ltr'>Notanda,</span> <span class='ocrx_word' id='word_1_9' title='bbox 1208 1184 1322 1268; x_wconf 84' lang='lat' dir='ltr'><strong>cessit</strong></span> <span class='ocrx_word' id='word_1_10' title='bbox 1354 1183 1524 1270; x_wconf 82' lang='lat' dir='ltr'>haeresis</span> <span class='ocrx_word' id='word_1_11' title='bbox 1619 1179 1641 1194; x_wconf 74' lang='grc'>”</span> 
     </span>
     <span class='ocr_line' id='line_1_5' title="bbox 945 1298 1421 1413; baseline -0.006 -26"><span class='ocrx_word' id='word_1_12' title='bbox 945 1301 1195 1391; x_wconf 84' lang='lat' dir='ltr'>Abominata</span> <span class='ocrx_word' id='word_1_13' title='bbox 1229 1298 1421 1413; x_wconf 88' lang='lat' dir='ltr'>publice.</span> 
     </span>
     <span class='ocr_line' id='line_1_6' title="bbox 884 1416 1334 1508; baseline -0.013 -1"><span class='ocrx_word' id='word_1_14' title='bbox 884 1425 973 1508; x_wconf 85' lang='lat' dir='ltr'>Sese</span> <span class='ocrx_word' id='word_1_15' title='bbox 1004 1420 1110 1505; x_wconf 89' lang='lat' dir='ltr'>fideli</span> <span class='ocrx_word' id='word_1_16' title='bbox 1144 1416 1294 1505; x_wconf 85' lang='lat' dir='ltr'>cultui</span> <span class='ocrx_word' id='word_1_17' title='bbox 1330 1454 1334 1461; x_wconf 63' lang='grc'><strong>’</strong></span> 
     </span>
     <span class='ocr_line' id='line_1_7' title="bbox 938 1535 1593 1653; baseline -0.011 -26"><span class='ocrx_word' id='word_1_18' title='bbox 938 1540 1052 1627; x_wconf 87' lang='lat' dir='ltr'>Cum</span> <span class='ocrx_word' id='word_1_19' title='bbox 1069 1543 1213 1653; x_wconf 78' lang='lat' dir='ltr'>Rege,</span> <span class='ocrx_word' id='word_1_20' title='bbox 1245 1566 1420 1652; x_wconf 88' lang='lat' dir='ltr'>cumque</span> <span class='ocrx_word' id='word_1_21' title='bbox 1456 1535 1593 1653; x_wconf 84' lang='lat' dir='ltr'>regia,</span> 
     </span>
     <span class='ocr_line' id='line_1_8' title="bbox 938 1656 1447 1745; baseline 0 -2"><span class='ocrx_word' id='word_1_22' title='bbox 938 1662 992 1745; x_wconf 86' lang='lat' dir='ltr'>Et</span> <span class='ocrx_word' id='word_1_23' title='bbox 1023 1660 1129 1744; x_wconf 86' lang='lat' dir='ltr'>cum&#39;</span> <span class='ocrx_word' id='word_1_24' title='bbox 1148 1656 1447 1745; x_wconf 88' lang='lat' dir='ltr'>Potentioribus</span> 
     </span>
     <span class='ocr_line' id='line_1_9' title="bbox 935 1768 1542 1894; baseline -0.007 -33"><span class='ocrx_word' id='word_1_25' title='bbox 935 1779 1120 1894; x_wconf 83' lang='lat' dir='ltr'>Hispana</span> <span class='ocrx_word' id='word_1_26' title='bbox 1152 1775 1292 1888; x_wconf 82' lang='lat' dir='ltr'>&#39;plebes</span> <span class='ocrx_word' id='word_1_27' title='bbox 1326 1768 1542 1862; x_wconf 86' lang='lat' dir='ltr'>subdidit.</span> 
     </span>
     <span class='ocr_line' id='line_1_10' title="bbox 880 1890 1377 1982; baseline -0.01 0"><span class='ocrx_word' id='word_1_28' title='bbox 880 1900 1068 1982; x_wconf 85' lang='lat' dir='ltr'>Vocatus</span> <span class='ocrx_word' id='word_1_29' title='bbox 1092 1921 1113 1977; x_wconf 87' lang='lat' dir='ltr'>e</span> <span class='ocrx_word' id='word_1_30' title='bbox 1143 1890 1377 1977; x_wconf 80' lang='lat' dir='ltr'>caelestibus</span> 
     </span>
     <span class='ocr_line' id='line_1_11' title="bbox 939 2009 1500 2111; baseline 0 -14"><span class='ocrx_word' id='word_1_31' title='bbox 939 2011 1123 2097; x_wconf 75' lang='lat' dir='ltr'>Leander</span> <span class='ocrx_word' id='word_1_32' title='bbox 1156 2009 1272 2095; x_wconf 83' lang='lat' dir='ltr'>adsis</span> <span class='ocrx_word' id='word_1_33' title='bbox 1295 2009 1500 2111; x_wconf 87' lang='lat' dir='ltr'>orbibus,</span> 
     </span>
     <span class='ocr_line' id='line_1_12' title="bbox 930 2128 1536 2245; baseline 0.002 -31"><span class='ocrx_word' id='word_1_34' title='bbox 930 2130 1063 2217; x_wconf 88' lang='lat' dir='ltr'>Tuere</span> <span class='ocrx_word' id='word_1_35' title='bbox 1100 2130 1226 2215; x_wconf 84' lang='lat' dir='ltr'>robur</span> <span class='ocrx_word' id='word_1_36' title='bbox 1259 2128 1536 2245; x_wconf 64' lang='lat' dir='ltr'>impetrans„</span> 
     </span>
     <span class='ocr_line' id='line_1_13' title="bbox 929 2244 1588 2362; baseline -0.011 -28"><span class='ocrx_word' id='word_1_37' title='bbox 929 2249 1152 2362; x_wconf 83' lang='lat' dir='ltr'>Tuumque</span> <span class='ocrx_word' id='word_1_38' title='bbox 1183 2244 1339 2332; x_wconf 86' lang='lat' dir='ltr'>factum</span> <span class='ocrx_word' id='word_1_39' title='bbox 1365 2276 1588 2360; x_wconf 84' lang='lat' dir='ltr'>promove.</span> 
     </span>
     <span class='ocr_line' id='line_1_14' title="bbox 575 2359 1968 2484; baseline -0.002 -25"><span class='ocrx_word' id='word_1_40' title='bbox 575 2374 650 2462; x_wconf 88' lang='lat' dir='ltr'>Die</span> <span class='ocrx_word' id='word_1_41' title='bbox 681 2372 747 2457; x_wconf 86' lang='lat'>18.</span> <span class='ocrx_word' id='word_1_42' title='bbox 779 2366 949 2459; x_wconf 82' lang='lat' dir='ltr'>Martii.</span> <span class='ocrx_word' id='word_1_43' title='bbox 983 2370 1029 2453; x_wconf 83' lang='lat' dir='ltr'>ln</span> <span class='ocrx_word' id='word_1_44' title='bbox 1050 2366 1157 2479; x_wconf 84' lang='lat' dir='ltr'>ferto</span> <span class='ocrx_word' id='word_1_45' title='bbox 1184 2363 1228 2448; x_wconf 89' lang='lat' dir='ltr'>S.</span> <span class='ocrx_word' id='word_1_46' title='bbox 1260 2363 1446 2452; x_wconf 81' lang='lat' dir='ltr'>Gobrielis</span> <span class='ocrx_word' id='word_1_47' title='bbox 1481 2359 1744 2484; x_wconf 76' lang='lat' dir='ltr'>Archangeli.</span> <span class='ocrx_word' id='word_1_48' title='bbox 1789 2366 1968 2484; x_wconf 78' lang='lat' dir='ltr'><strong><em>Hymnus</em></strong></span> 
     </span>
     <span class='ocr_line' id='line_1_15' title="bbox 629 2482 1975 2607; baseline -0.012 -28"><span class='ocrx_word' id='word_1_49' title='bbox 629 2491 746 2603; x_wconf 84' lang='lat' dir='ltr'>officii</span> <span class='ocrx_word' id='word_1_50' title='bbox 773 2485 922 2607; x_wconf 85' lang='lat' dir='ltr'>proprii</span> <span class='ocrx_word' id='word_1_51' title='bbox 955 2482 1192 2602; x_wconf 74' lang='lat' dir='ltr'>Hispalensis</span> <span class='ocrx_word' id='word_1_52' title='bbox 1222 2511 1411 2569; x_wconf 80' lang='lat' dir='ltr'>correctus</span> <span class='ocrx_word' id='word_1_53' title='bbox 1442 2486 1541 2603; x_wconf 84' lang='lat' dir='ltr'>(a).</span> <span class='ocrx_word' id='word_1_54' title='bbox 1973 2503 1975 2505; x_wconf 82' lang='grc'><strong><em>·</em></strong></span> 
     </span>
    </p>
   </div>
   <div class='ocr_carea' id='block_1_3' title="bbox 573 2674 1957 3751">
    <p class='ocr_par' dir='ltr' id='par_1_3' title="bbox 573 2674 1957 3751">
     <span class='ocr_line' id='line_1_16' title="bbox 573 2674 1641 2846; baseline -0.012 -26"><span class='ocrx_word' id='word_1_55' title='bbox 573 2729 639 2820; x_wconf 83' lang='lat' dir='ltr'>Ad</span> <span class='ocrx_word' id='word_1_56' title='bbox 648 2752 796 2846; x_wconf 75' lang='lat' dir='ltr'>uespr.</span> <span class='ocrx_word' id='word_1_57' title='bbox 814 2674 1069 2812; x_wconf 85' lang='lat' dir='ltr'>Mentibus</span> <span class='ocrx_word' id='word_1_58' title='bbox 1095 2722 1207 2808; x_wconf 88' lang='lat' dir='ltr'>laetis</span> <span class='ocrx_word' id='word_1_59' title='bbox 1240 2752 1473 2810; x_wconf 75' lang='lat' dir='ltr'>resonemus</span> <span class='ocrx_word' id='word_1_60' title='bbox 1502 2752 1641 2812; x_wconf 85' lang='lat' dir='ltr'>omnes</span> 
     </span>
     <span class='ocr_line' id='line_1_17' title="bbox 755 2840 1649 2959; baseline -0.008 -28"><span class='ocrx_word' id='word_1_61' title='bbox 755 2873 794 2931; x_wconf 85' lang='lat'>2·</span> <span class='ocrx_word' id='word_1_62' title='bbox 816 2842 998 2929; x_wconf 87' lang='lat' dir='ltr'>Carmen</span> <span class='ocrx_word' id='word_1_63' title='bbox 1029 2840 1181 2959; x_wconf 77' lang='lat' dir='ltr'>argutis</span> <span class='ocrx_word' id='word_1_64' title='bbox 1214 2841 1419 2942; x_wconf 87' lang='lat' dir='ltr'>modulis,</span> <span class='ocrx_word' id='word_1_65' title='bbox 1450 2840 1649 2955; x_wconf 87' lang='lat' dir='ltr'>lyraque,</span> 
     </span>
     <span class='ocr_line' id='line_1_18' title="bbox 807 2958 1587 3077; baseline -0.004 -31"><span class='ocrx_word' id='word_1_66' title='bbox 807 2962 986 3077; x_wconf 90' lang='lat' dir='ltr'>lnclytus</span> <span class='ocrx_word' id='word_1_67' title='bbox 1021 2958 1193 3074; x_wconf 88' lang='lat' dir='ltr'>quando</span> <span class='ocrx_word' id='word_1_68' title='bbox 1225 2958 1391 3045; x_wconf 85' lang='lat' dir='ltr'>Gabriel</span> <span class='ocrx_word' id='word_1_69' title='bbox 1422 2961 1474 3046; x_wconf 85' lang='lat' dir='ltr'>ab</span> <span class='ocrx_word' id='word_1_70' title='bbox 1507 2958 1587 3045; x_wconf 91' lang='lat' dir='ltr'>alto</span> 
     </span>
     <span class='ocr_line' id='line_1_19' title="bbox 989 3075 1375 3195; baseline 0 -33"><span class='ocrx_word' id='word_1_71' title='bbox 989 3079 1129 3195; x_wconf 83' lang='lat' dir='ltr'>Fulget</span> <span class='ocrx_word' id='word_1_72' title='bbox 1160 3075 1375 3195; x_wconf 88' lang='lat' dir='ltr'>Olympo.</span> 
     </span>
     <span class='ocr_line' id='line_1_20' title="bbox 807 3196 1672 3313; baseline -0.003 -30"><span class='ocrx_word' id='word_1_73' title='bbox 807 3196 990 3313; x_wconf 81' lang='lat' dir='ltr'>Virginis</span> <span class='ocrx_word' id='word_1_74' title='bbox 1021 3223 1205 3282; x_wconf 88' lang='lat' dir='ltr'>summae</span> <span class='ocrx_word' id='word_1_75' title='bbox 1240 3197 1555 3313; x_wconf 86' lang='lat' dir='ltr'>Paranymphus</span> <span class='ocrx_word' id='word_1_76' title='bbox 1583 3224 1672 3283; x_wconf 87' lang='lat' dir='ltr'>ecce</span> 
     </span>
     <span class='ocr_line' id='line_1_21' title="bbox 804 3312 1707 3429; baseline -0.001 -29"><span class='ocrx_word' id='word_1_77' title='bbox 804 3316 913 3401; x_wconf 89' lang='lat' dir='ltr'>Hinc</span> <span class='ocrx_word' id='word_1_78' title='bbox 945 3314 1056 3397; x_wconf 88' lang='lat' dir='ltr'>adest</span> <span class='ocrx_word' id='word_1_79' title='bbox 1094 3312 1258 3414; x_wconf 87' lang='lat' dir='ltr'>nobis,</span> <span class='ocrx_word' id='word_1_80' title='bbox 1289 3312 1409 3395; x_wconf 89' lang='lat' dir='ltr'>simul</span> <span class='ocrx_word' id='word_1_81' title='bbox 1455 3313 1707 3429; x_wconf 86' lang='lat' dir='ltr'>Angelorum</span> 
     </span>
     <span class='ocr_line' id='line_1_22' title="bbox 803 3428 1712 3547; baseline 0 -29"><span class='ocrx_word' id='word_1_82' title='bbox 803 3432 987 3520; x_wconf 85' lang='lat' dir='ltr'>Plurimis</span> <span class='ocrx_word' id='word_1_83' title='bbox 1021 3428 1236 3516; x_wconf 88' lang='lat' dir='ltr'>Christum</span> <span class='ocrx_word' id='word_1_84' title='bbox 1265 3458 1464 3519; x_wconf 85' lang='lat' dir='ltr'>venerans</span> <span class='ocrx_word' id='word_1_85' title='bbox 1500 3430 1712 3547; x_wconf 86' lang='lat' dir='ltr'>triumphis</span> 
     </span>
     <span class='ocr_line' id='line_1_23' title="bbox 905 3545 1315 3644; baseline 0.002 -11"><span class='ocrx_word' id='word_1_86' title='bbox 905 3641 906 3644; x_wconf 0' lang='lat' dir='ltr'>a</span> <span class='ocrx_word' id='word_1_87' title='bbox 990 3545 1155 3635; x_wconf 86' lang='lat' dir='ltr'>Concio</span> <span class='ocrx_word' id='word_1_88' title='bbox 1187 3575 1270 3637; x_wconf 87' lang='lat' dir='ltr'>tota</span> <span class='ocrx_word' id='word_1_89' title='bbox 1303 3609 1315 3634; x_wconf 89' lang='lat'><strong>.</strong></span> 
     </span>
     <span class='ocr_line' id='line_1_24' title="bbox 1841 3665 1957 3751; baseline 0.034 -4"><span class='ocrx_word' id='word_1_90' title='bbox 1841 3665 1957 3751; x_wconf 89' lang='lat' dir='ltr'>Prin-</span> 
     </span>
    </p>
   </div>
   <div class='ocr_carea' id='block_1_4' title="bbox 566 3832 1239 5107">
    <p class='ocr_par' dir='ltr' id='par_1_4' title="bbox 566 3832 1239 5107">
     <span class='ocr_line' id='line_1_25' title="bbox 573 3832 1219 3928; baseline 0.006 -28"><span class='ocrx_word' id='word_1_91' title='bbox 573 3850 709 3906; x_wconf 83' lang='lat' dir='ltr'>oersum</span> <span class='ocrx_word' id='word_1_92' title='bbox 725 3877 734 3899; x_wconf 89' lang='lat'><strong>.</strong></span> <span class='ocrx_word' id='word_1_93' title='bbox 753 3835 861 3916; x_wconf 76' lang='lat' dir='ltr'>Huius</span> <span class='ocrx_word' id='word_1_94' title='bbox 877 3832 953 3902; x_wconf 81' lang='lat' dir='ltr'>dum</span> <span class='ocrx_word' id='word_1_95' title='bbox 971 3832 1055 3903; x_wconf 87' lang='lat' dir='ltr'>mihi</span> <span class='ocrx_word' id='word_1_96' title='bbox 1063 3847 1127 3928; x_wconf 81' lang='lat' dir='ltr'>per</span> <span class='ocrx_word' id='word_1_97' title='bbox 1137 3836 1219 3904; x_wconf 91' lang='lat' dir='ltr'>scri-</span> 
     </span>
     <span class='ocr_line' id='line_1_26' title="bbox 566 3931 1217 4027; baseline 0.006 -29"><span class='ocrx_word' id='word_1_98' title='bbox 566 3944 631 4027; x_wconf 83' lang='lat' dir='ltr'>pur</span> <span class='ocrx_word' id='word_1_99' title='bbox 648 3942 762 3998; x_wconf 74' lang='lat' dir='ltr'>vestra</span> <span class='ocrx_word' id='word_1_100' title='bbox 780 3951 886 4001; x_wconf 86' lang='lat' dir='ltr'>mores</span> <span class='ocrx_word' id='word_1_101' title='bbox 904 3931 1102 4025; x_wconf 77' lang='lat' dir='ltr'>exprimitis,</span> <span class='ocrx_word' id='word_1_102' title='bbox 1123 3954 1217 4002; x_wconf 81' lang='lat' dir='ltr'>ama-</span> 
     </span>
     <span class='ocr_line' id='line_1_27' title="bbox 571 4024 1220 4125; baseline 0 -26"><span class='ocrx_word' id='word_1_103' title='bbox 571 4047 609 4099; x_wconf 82' lang='lat' dir='ltr'>re</span> <span class='ocrx_word' id='word_1_104' title='bbox 634 4024 760 4109; x_wconf 81' lang='lat' dir='ltr'>etiam,</span> <span class='ocrx_word' id='word_1_105' title='bbox 788 4049 885 4125; x_wconf 81' lang='lat' dir='ltr'>quem</span> <span class='ocrx_word' id='word_1_106' title='bbox 903 4028 1037 4108; x_wconf 79' lang='lat' dir='ltr'>urscia,</span> <span class='ocrx_word' id='word_1_107' title='bbox 1066 4026 1220 4113; x_wconf 69' lang='lat' dir='ltr'>fecistis.</span> 
     </span>
     <span class='ocr_line' id='line_1_28' title="bbox 572 4123 1221 4220; baseline 0.003 -27"><span class='ocrx_word' id='word_1_108' title='bbox 572 4123 766 4220; x_wconf 82' lang='lat' dir='ltr'>Quamnam</span> <span class='ocrx_word' id='word_1_109' title='bbox 779 4125 876 4196; x_wconf 87' lang='lat' dir='ltr'>aliam</span> <span class='ocrx_word' id='word_1_110' title='bbox 887 4142 1016 4217; x_wconf 85' lang='lat' dir='ltr'>partem</span> <span class='ocrx_word' id='word_1_111' title='bbox 1033 4124 1065 4195; x_wconf 90' lang='lat' dir='ltr'>in</span> <span class='ocrx_word' id='word_1_112' title='bbox 1079 4146 1221 4198; x_wconf 87' lang='lat' dir='ltr'>conver·</span> 
     </span>
     <span class='ocr_line' id='line_1_29' title="bbox 571 4222 1220 4316; baseline -0.005 -19"><span class='ocrx_word' id='word_1_113' title='bbox 571 4222 668 4297; x_wconf 80' lang='lat' dir='ltr'>sione</span> <span class='ocrx_word' id='word_1_114' title='bbox 694 4222 891 4293; x_wconf 83' lang='lat' dir='ltr'>Gothorum</span> <span class='ocrx_word' id='word_1_115' title='bbox 907 4224 1138 4316; x_wconf 66' lang='lat' dir='ltr'>&amp;Gregorius</span> <span class='ocrx_word' id='word_1_116' title='bbox 1161 4229 1220 4296; x_wconf 89' lang='lat' dir='ltr'>ha·</span> 
     </span>
     <span class='ocr_line' id='line_1_30' title="bbox 571 4318 1227 4407; baseline -0.009 -12"><span class='ocrx_word' id='word_1_117' title='bbox 571 4318 714 4407; x_wconf 86' lang='lat' dir='ltr'>buerit,</span> <span class='ocrx_word' id='word_1_118' title='bbox 739 4337 856 4391; x_wconf 83' lang='lat' dir='ltr'>vetera</span> <span class='ocrx_word' id='word_1_119' title='bbox 898 4319 1117 4393; x_wconf 81' lang='lat' dir='ltr'>historiarum</span> <span class='ocrx_word' id='word_1_120' title='bbox 1148 4370 1159 4402; x_wconf 90' lang='lat'>‚</span> <span class='ocrx_word' id='word_1_121' title='bbox 1192 4335 1227 4390; x_wconf 88' lang='lat' dir='ltr'>et</span> 
     </span>
     <span class='ocr_line' id='line_1_31' title="bbox 573 4416 1229 4503; baseline -0.015 -7"><span class='ocrx_word' id='word_1_122' title='bbox 573 4418 798 4496; x_wconf 87' lang='lat' dir='ltr'>conciliorum</span> <span class='ocrx_word' id='word_1_123' title='bbox 811 4435 1027 4491; x_wconf 87' lang='lat' dir='ltr'>monumenta</span> <span class='ocrx_word' id='word_1_124' title='bbox 1038 4443 1102 4489; x_wconf 90' lang='lat' dir='ltr'>non</span> <span class='ocrx_word' id='word_1_125' title='bbox 1119 4416 1229 4503; x_wconf 81' lang='lat' dir='ltr'>expli-</span> 
     </span>
     <span class='ocr_line' id='line_1_32' title="bbox 574 4514 1232 4592; baseline -0.011 -2"><span class='ocrx_word' id='word_1_126' title='bbox 574 4538 678 4590; x_wconf 88' lang='lat' dir='ltr'>cant.</span> <span class='ocrx_word' id='word_1_127' title='bbox 706 4518 816 4592; x_wconf 86' lang='lat' dir='ltr'>Gothi</span> <span class='ocrx_word' id='word_1_128' title='bbox 834 4518 997 4590; x_wconf 86' lang='lat' dir='ltr'>haeresim</span> <span class='ocrx_word' id='word_1_129' title='bbox 1017 4518 1049 4588; x_wconf 91' lang='lat' dir='ltr'>in</span> <span class='ocrx_word' id='word_1_130' title='bbox 1067 4514 1232 4588; x_wconf 89' lang='lat' dir='ltr'>Concilio</span> 
     </span>
     <span class='ocr_line' id='line_1_33' title="bbox 574 4615 1233 4710; baseline -0.008 -23"><span class='ocrx_word' id='word_1_131' title='bbox 574 4616 639 4687; x_wconf 86' lang='lat' dir='ltr'>Ill.</span> <span class='ocrx_word' id='word_1_132' title='bbox 657 4615 823 4691; x_wconf 88' lang='lat' dir='ltr'>Toletano</span> <span class='ocrx_word' id='word_1_133' title='bbox 839 4615 948 4710; x_wconf 82' lang='lat' dir='ltr'>palam</span> <span class='ocrx_word' id='word_1_134' title='bbox 978 4621 1151 4699; x_wconf 85' lang='lat' dir='ltr'>ejurarunt</span> <span class='ocrx_word' id='word_1_135' title='bbox 1178 4638 1233 4683; x_wconf 85' lang='lat' dir='ltr'>aa·</span> 
     </span>
     <span class='ocr_line' id='line_1_34' title="bbox 577 4714 1236 4813; baseline -0.008 -26"><span class='ocrx_word' id='word_1_136' title='bbox 577 4736 623 4787; x_wconf 92' lang='lat' dir='ltr'>no</span> <span class='ocrx_word' id='word_1_137' title='bbox 646 4714 738 4799; x_wconf 71' lang='lat'>5890,</span> <span class='ocrx_word' id='word_1_138' title='bbox 752 4716 979 4813; x_wconf 70' lang='lat' dir='ltr'>&amp;Gregorius</span> <span class='ocrx_word' id='word_1_139' title='bbox 994 4740 1080 4788; x_wconf 89' lang='lat' dir='ltr'>anno</span> <span class='ocrx_word' id='word_1_140' title='bbox 1094 4736 1236 4808; x_wconf 80' lang='lat' dir='ltr'>sequen·</span> 
     </span>
     <span class='ocr_line' id='line_1_35' title="bbox 579 4811 1234 4899; baseline -0.006 -15"><span class='ocrx_word' id='word_1_141' title='bbox 579 4811 606 4884; x_wconf 89' lang='lat' dir='ltr'>ti</span> <span class='ocrx_word' id='word_1_142' title='bbox 625 4817 749 4899; x_wconf 74' lang='lat' dir='ltr'>sonari</span> <span class='ocrx_word' id='word_1_143' title='bbox 768 4816 1006 4888; x_wconf 87' lang='lat' dir='ltr'>Pontificatum</span> <span class='ocrx_word' id='word_1_144' title='bbox 1018 4833 1157 4887; x_wconf 86' lang='lat' dir='ltr'>evectus</span> <span class='ocrx_word' id='word_1_145' title='bbox 1172 4829 1234 4884; x_wconf 79' lang='lat' dir='ltr'>eat.</span> 
     </span>
     <span class='ocr_line' id='line_1_36' title="bbox 590 4910 1237 5002; baseline -0.002 -21"><span class='ocrx_word' id='word_1_146' title='bbox 590 4928 594 4936; x_wconf 83' lang='grc'><em>’</em></span> <span class='ocrx_word' id='word_1_147' title='bbox 631 4915 681 5002; x_wconf 77' lang='lat' dir='ltr'>(a)</span> <span class='ocrx_word' id='word_1_148' title='bbox 708 4910 745 4979; x_wconf 88' lang='lat' dir='ltr'>ln</span> <span class='ocrx_word' id='word_1_149' title='bbox 772 4912 944 4983; x_wconf 84' lang='lat' dir='ltr'>breviario</span> <span class='ocrx_word' id='word_1_150' title='bbox 980 4914 1146 4985; x_wconf 78' lang='lat' dir='ltr'>Toletano</span> <span class='ocrx_word' id='word_1_151' title='bbox 1165 4910 1237 4984; x_wconf 90' lang='lat' dir='ltr'>anni</span> 
     </span>
     <span class='ocr_line' id='line_1_37' title="bbox 586 5006 1239 5107; baseline -0.009 -23"><span class='ocrx_word' id='word_1_152' title='bbox 586 5030 695 5106; x_wconf 61' lang='lat' dir='ltr'>1507r</span> <span class='ocrx_word' id='word_1_153' title='bbox 713 5006 999 5107; x_wconf 64' lang='lat' dir='ltr'>legiturhrrmnua</span> <span class='ocrx_word' id='word_1_154' title='bbox 1017 5013 1052 5084; x_wconf 73' lang='lat' dir='ltr'>S·</span> <span class='ocrx_word' id='word_1_155' title='bbox 1068 5009 1239 5087; x_wconf 84' lang='lat' dir='ltr'>Gabrielis</span> 
     </span>
    </p>
   </div>
   <div class='ocr_carea' id='block_1_5' title="bbox 1289 3820 1972 5106">
    <p class='ocr_par' dir='ltr' id='par_1_5' title="bbox 1289 3820 1972 5106">
     <span class='ocr_line' id='line_1_38' title="bbox 1289 3820 1962 3927; baseline -0.003 -24"><span class='ocrx_word' id='word_1_156' title='bbox 1289 3834 1354 3903; x_wconf 91' lang='lat' dir='ltr'>hoc</span> <span class='ocrx_word' id='word_1_157' title='bbox 1369 3833 1487 3927; x_wconf 88' lang='lat' dir='ltr'>stylo,</span> <span class='ocrx_word' id='word_1_158' title='bbox 1524 3832 1712 3904; x_wconf 79' lang='lat' dir='ltr'>Gabrielem</span> <span class='ocrx_word' id='word_1_159' title='bbox 1726 3820 1928 3903; x_wconf 79' lang='lat' dir='ltr'>veneremur</span> <span class='ocrx_word' id='word_1_160' title='bbox 1947 3873 1962 3889; x_wconf 94' lang='lat'>-</span> 
     </span>
     <span class='ocr_line' id='line_1_39' title="bbox 1292 3928 1963 4025; baseline 0.006 -28"><span class='ocrx_word' id='word_1_161' title='bbox 1292 3932 1419 4001; x_wconf 85' lang='lat' dir='ltr'>Summi</span> <span class='ocrx_word' id='word_1_162' title='bbox 1433 3933 1533 4025; x_wconf 69' lang='lat' dir='ltr'>Regis</span> <span class='ocrx_word' id='word_1_163' title='bbox 1546 3934 1725 4021; x_wconf 68' lang='lat' dir='ltr'>Nautium</span> <span class='ocrx_word' id='word_1_164' title='bbox 1741 3980 1752 4002; x_wconf 87' lang='lat'><strong>.</strong></span> <span class='ocrx_word' id='word_1_165' title='bbox 1777 3928 1817 3998; x_wconf 92' lang='lat' dir='ltr'>In</span> <span class='ocrx_word' id='word_1_166' title='bbox 1851 3929 1963 4001; x_wconf 87' lang='lat' dir='ltr'>Com·</span> 
     </span>
     <span class='ocr_line' id='line_1_40' title="bbox 1289 4027 1962 4123; baseline 0.006 -25"><span class='ocrx_word' id='word_1_167' title='bbox 1289 4027 1482 4118; x_wconf 84' lang='lat' dir='ltr'>postellano</span> <span class='ocrx_word' id='word_1_168' title='bbox 1532 4029 1711 4118; x_wconf 87' lang='lat' dir='ltr'>antiquo,</span> <span class='ocrx_word' id='word_1_169' title='bbox 1758 4045 1792 4098; x_wconf 83' lang='lat' dir='ltr'>et</span> <span class='ocrx_word' id='word_1_170' title='bbox 1837 4027 1962 4123; x_wconf 85' lang='lat' dir='ltr'>Hispa·</span> 
     </span>
     <span class='ocr_line' id='line_1_41' title="bbox 1291 4125 1972 4221; baseline -0.003 -26"><span class='ocrx_word' id='word_1_171' title='bbox 1291 4125 1372 4196; x_wconf 83' lang='lat' dir='ltr'>lensi</span> <span class='ocrx_word' id='word_1_172' title='bbox 1405 4125 1480 4196; x_wconf 88' lang='lat' dir='ltr'>anni</span> <span class='ocrx_word' id='word_1_173' title='bbox 1511 4145 1615 4216; x_wconf 88' lang='lat'><em>1539.</em></span> <span class='ocrx_word' id='word_1_174' title='bbox 1630 4127 1716 4197; x_wconf 86' lang='lat' dir='ltr'>alter</span> <span class='ocrx_word' id='word_1_175' title='bbox 1744 4127 1892 4221; x_wconf 85' lang='lat' dir='ltr'>hymnus</span> <span class='ocrx_word' id='word_1_176' title='bbox 1908 4152 1972 4202; x_wconf 76' lang='lat' dir='ltr'>re·,</span> 
     </span>
     <span class='ocr_line' id='line_1_42' title="bbox 1296 4223 1960 4315; baseline 0.015 -21"><span class='ocrx_word' id='word_1_177' title='bbox 1296 4223 1464 4294; x_wconf 81' lang='lat' dir='ltr'>citabatur</span> <span class='ocrx_word' id='word_1_178' title='bbox 1487 4225 1587 4304; x_wconf 85' lang='lat' dir='ltr'>hujus</span> <span class='ocrx_word' id='word_1_179' title='bbox 1612 4224 1742 4315; x_wconf 81' lang='lat' dir='ltr'>generis</span> <span class='ocrx_word' id='word_1_180' title='bbox 1772 4271 1784 4307; x_wconf 88' lang='lat'>,</span> <span class='ocrx_word' id='word_1_181' title='bbox 1824 4224 1960 4303; x_wconf 81' lang='lat' dir='ltr'>Gabriel</span> 
     </span>
     <span class='ocr_line' id='line_1_43' title="bbox 1299 4319 1959 4425; baseline 0.018 -38"><span class='ocrx_word' id='word_1_182' title='bbox 1299 4319 1446 4413; x_wconf 68' lang='lat' dir='ltr'>fulgidos</span> <span class='ocrx_word' id='word_1_183' title='bbox 1480 4323 1566 4390; x_wconf 84' lang='lat' dir='ltr'>iuter</span> <span class='ocrx_word' id='word_1_184' title='bbox 1583 4324 1774 4394; x_wconf 85' lang='lat' dir='ltr'>consocios·</span> <span class='ocrx_word' id='word_1_185' title='bbox 1795 4331 1959 4425; x_wconf 79' lang='lat' dir='ltr'>Perseque</span> 
     </span>
     <span class='ocr_line' id='line_1_44' title="bbox 1299 4419 1958 4498; baseline 0.012 -8"><span class='ocrx_word' id='word_1_186' title='bbox 1299 4419 1434 4490; x_wconf 76' lang='lat' dir='ltr'>ualidus</span> <span class='ocrx_word' id='word_1_187' title='bbox 1448 4421 1491 4487; x_wconf 85' lang='lat' dir='ltr'>ad</span> <span class='ocrx_word' id='word_1_188' title='bbox 1514 4435 1606 4490; x_wconf 85' lang='lat' dir='ltr'>actus</span> <span class='ocrx_word' id='word_1_189' title='bbox 1625 4424 1741 4492; x_wconf 82' lang='lat' dir='ltr'>uarios</span> <span class='ocrx_word' id='word_1_190' title='bbox 1753 4459 1771 4479; x_wconf 90' lang='lat'><em>·</em></span> <span class='ocrx_word' id='word_1_191' title='bbox 1787 4429 1958 4498; x_wconf 76' lang='lat' dir='ltr'>Laudatur</span> 
     </span>
     <span class='ocr_line' id='line_1_45' title="bbox 1301 4517 1956 4609; baseline 0.011 -22"><span class='ocrx_word' id='word_1_192' title='bbox 1301 4517 1424 4587; x_wconf 83' lang='lat' dir='ltr'>hodie.</span> <span class='ocrx_word' id='word_1_193' title='bbox 1464 4518 1681 4609; x_wconf 83' lang='lat' dir='ltr'>Hispalenres</span> <span class='ocrx_word' id='word_1_194' title='bbox 1715 4520 1748 4591; x_wconf 91' lang='lat' dir='ltr'>in</span> <span class='ocrx_word' id='word_1_195' title='bbox 1784 4522 1956 4594; x_wconf 86' lang='lat' dir='ltr'>breviario</span> 
     </span>
     <span class='ocr_line' id='line_1_46' title="bbox 1304 4614 1959 4709; baseline 0.008 -24"><span class='ocrx_word' id='word_1_196' title='bbox 1304 4614 1409 4685; x_wconf 84' lang='lat' dir='ltr'>seculi</span> <span class='ocrx_word' id='word_1_197' title='bbox 1426 4616 1583 4707; x_wconf 79' lang='lat' dir='ltr'>proxime</span> <span class='ocrx_word' id='word_1_198' title='bbox 1597 4620 1700 4709; x_wconf 85' lang='lat' dir='ltr'>clapsi</span> <span class='ocrx_word' id='word_1_199' title='bbox 1715 4640 1802 4687; x_wconf 82' lang='lat' dir='ltr'>auno</span> <span class='ocrx_word' id='word_1_200' title='bbox 1823 4628 1924 4703; x_wconf 82' lang='lat'><strong>¹⁶59·</strong></span> <span class='ocrx_word' id='word_1_201' title='bbox 1939 4644 1959 4690; x_wconf 93' lang='lat' dir='ltr'>a</span> 
     </span>
     <span class='ocr_line' id='line_1_47' title="bbox 1306 4714 1959 4807; baseline 0.009 -25"><span class='ocrx_word' id='word_1_202' title='bbox 1306 4714 1477 4784; x_wconf 83' lang='lat' dir='ltr'>breviatio</span> <span class='ocrx_word' id='word_1_203' title='bbox 1488 4716 1785 4787; x_wconf 78' lang='lat' dir='ltr'>Benedictinorum</span> <span class='ocrx_word' id='word_1_204' title='bbox 1802 4715 1959 4807; x_wconf 86' lang='lat' dir='ltr'>Congre-</span> 
     </span>
     <span class='ocr_line' id='line_1_48' title="bbox 1306 4810 1958 4906; baseline 0.006 -24"><span class='ocrx_word' id='word_1_205' title='bbox 1306 4810 1450 4905; x_wconf 82' lang='lat' dir='ltr'>gationis</span> <span class='ocrx_word' id='word_1_206' title='bbox 1491 4814 1749 4885; x_wconf 75' lang='lat' dir='ltr'>vallisoletanae</span> <span class='ocrx_word' id='word_1_207' title='bbox 1789 4817 1958 4906; x_wconf 85' lang='lat' dir='ltr'>hymnum</span> 
     </span>
     <span class='ocr_line' id='line_1_49' title="bbox 1306 4909 1959 5003; baseline 0.008 -22"><span class='ocrx_word' id='word_1_208' title='bbox 1306 4934 1408 5003; x_wconf 80' lang='lat' dir='ltr'>supra</span> <span class='ocrx_word' id='word_1_209' title='bbox 1422 4912 1616 5002; x_wconf 84' lang='lat' dir='ltr'>excriptum</span> <span class='ocrx_word' id='word_1_210' title='bbox 1633 4909 1776 4979; x_wconf 90' lang='lat' dir='ltr'>mutuati</span> <span class='ocrx_word' id='word_1_211' title='bbox 1792 4931 1882 4995; x_wconf 86' lang='lat' dir='ltr'>sunt,</span> <span class='ocrx_word' id='word_1_212' title='bbox 1902 4937 1959 4986; x_wconf 86' lang='lat' dir='ltr'>re·</span> 
     </span>
     <span class='ocr_line' id='line_1_50' title="bbox 1307 5005 1959 5106; baseline 0.012 -27"><span class='ocrx_word' id='word_1_213' title='bbox 1307 5009 1408 5083; x_wconf 81' lang='lat' dir='ltr'>tentis</span> <span class='ocrx_word' id='word_1_214' title='bbox 1425 5029 1535 5084; x_wconf 86' lang='lat' dir='ltr'>tamen</span> <span class='ocrx_word' id='word_1_215' title='bbox 1551 5005 1617 5080; x_wconf 82' lang='lat' dir='ltr'>illis</span> <span class='ocrx_word' id='word_1_216' title='bbox 1635 5005 1810 5081; x_wconf 84' lang='lat' dir='ltr'>erroribus</span> <span class='ocrx_word' id='word_1_217' title='bbox 1831 5058 1843 5092; x_wconf 91' lang='lat'><strong>,</strong></span> <span class='ocrx_word' id='word_1_218' title='bbox 1871 5036 1959 5106; x_wconf 78' lang='lat' dir='ltr'>quoa</span> 
     </span>
    </p>
   </div>
   <div class='ocr_carea' id='block_1_6' title="bbox 0 0 2665 6228">
    <p class='ocr_par' dir='ltr' id='par_1_6' title="bbox 0 0 2665 6228">
     <span class='ocr_line' id='line_1_51' title="bbox 0 0 2665 6228; baseline 0 0"><span class='ocrx_word' id='word_1_219' title='bbox 0 0 2665 6228; x_wconf 95' lang='lat' dir='ltr'> </span> 
     </span>
    </p>
   </div>
  </div>
 </body>
</html>
