5084 6234
902 827 1584 926 S'A'NY'OL'IANIS
1797 858 1888 956 ζμ

508 960 744 1081 nequeenim
754 974 845 1075 pote
874 987 965 1044 cunt
984 956 1138 1079 subegit
1163 953 1382 1045 correctior
1400 947 1570 1071 legitur,
1600 949 1688 1037 Nee
1711 948 1803 1041 Ievis
1817 960 1887 1046 hoe

501 1078 677 1196 fiarent,
691 1074 919 1193 ruqueenim
933 1104 1024 1191 pote
1036 1107 1128 1164 euro
1140 1080 1229 1163 subt
1258 1071 1319 1158 it.
1341 1073 1608 1188 Quamquam
1622 1099 1784 1158 versum
1800 1078 1888 1161 Lu·

513 1202 627 1289 ctetii
661 1194 836 1283 similiter
869 1193 938 1280 alii
954 1194 1167 1312 corrigunt
1188 1255 1202 1295 ,
1226 1105 1445 1293 ininius,
1475 1218 1545 1275 nrn
1558 1187 1644 1275 ubi
1669 1187 1886 1281 amomum

510 1322 669 1407 arbusto
683 1311 861 1402 vacillent
881 1370 895 1410 ,
914 1339 955 1402 et
969 1313 1140 1400 alterurn
1158 1309 1313 1411 Ovidii,
1331 1310 1449 1395 Terra
1456 1305 1576 1420 ferun
1587 1312 1757 1412 oererir,
1780 1312 1887 1398 mul-

514 1460 626 1570 uoque
639 1432 804 1569 [trucior
820 1461 946 1518 nune.
964 1428 1156 1549 Oedipode
1173 1453 1306 1549 potest
1320 1425 1399 1514 dici
1430 1424 1628 1515 ablativus
1643 1426 1796 1543 primae
1815 1429 1892 1516 de·

507 1551 748 1643 chnanonis
765 1579 929 1665 graecae
948 1612 958 1637 .
975 1552 1081 1637 Sane
1101 1547 1201 1636 mihi
1220 1539 1306 1637 nou
1325 1544 1439 1631 aliud
1452 1543 1677 1664 exemplum
1695 1575 1769 1662 pro
1781 1548 1889 1633 San-

516 1670 615 1762 tolio
631 1667 809 1759 occurrit
822 1694 977 1785 praeter
991 1697 1152 1756 versum
1168 1664 1400 1787 virgtiag.
1417 1664 1668 1777 AEn.v.164.
1686 1668 1804 1753 Dorso
1817 1669 1888 1752 da·

520 1790 612 1879 irinc
624 1819 720 1877 nutu
736 1787 873 1909 gravio
891 1788 1310 1905 ,sectoqueeiepltnntm
1323 1782 1398 1871 ubi
1410 1780 1577 1898 Servius
1591 1810 1729 1871 notate
1747 1783 1888 1872 ΕΒΑ*

509 1906 624 1996 ¹VIA
644 1905 858 2026 finalitatis
887 1910 1040 1993 tutione
1050 1902 1315 2021 producitur,
1342 1900 1525 1989 sedentis
1548 1932 1707 2019 nepem
1732 1934 1827 1990 nutu
1845 1903 1888 1994 in

516 2030 663 2115 nullutn
682 2022 822 2112 desinit
836 2049 1106 2113 consonantem
1126 2085 1136 2108 .
1168 2023 1287 2139 Quid
1302 2020 1419 2137 quod
1449 2020 1634 2107 ultimum
1651 2052 1672 2108 e
1688 2022 1734 2106 in
1751 2050 1889 2112 temere

517 2141 688 2265 longum
704 2174 786 2231 csse
805 2168 991 2231 auctores
1019 2142 1232 2261 prosodiae
1246 2141 1370 2258 vulgo
1398 2137 1607 2229 tradunt?
1636 2140 1888 2230 Aliistemere

515 2291 567 2351 ex
584 2262 780 2351 temernn'e
796 2292 867 2381 per
894 2260 1216 2349 contractionem
1231 2261 1389 2347 iactum
1411 2256 1603 2360 videtur,
1635 2260 1720 2346 aliis
1746 2260 1889 2349 meiius
1915 2362 1917 2367 ,

513 2408 566 2468 cx
580 2381 753 2496 antiquo
770 2402 963 2482 cernetur,
993 2404 1037 2466 et
1053 2378 1243 2467 utrolibet
1258 2377 1384 2464 modo
1417 2405 1439 2461 e
1470 2403 1713 2495 postremum
1730 2379 1890 2496 produ-

517 2501 695 2607 cendum
724 2525 821 2587 cst.
859 2499 907 2581 in
935 2499 1014 2585 hac
1039 2497 1238 2616 opinandi
1273 2494 1428 2583 ratione
1461 2496 1684 2581 tenendum
1705 2521 1792 2599 cot,
1812 2522 1890 2586 aut

515 2646 676 2708 versum
693 2619 897 2721 Senecae,
927 2614 1011 2704 sive
1042 2615 1218 2704 auctoris
1232 2613 1417 2704 Octaviae
1429 2641 1669 2730 corruptum
1682 2644 1769 2702 eme
1783 2676 1799 2718 ,
1813 2638 1890 2703 aut

512 2737 719 2822 senarium
732 2736 952 2825 iambicum
964 2732 1189 2849 aliquando
1204 2733 1317 2854 apud
1326 2732 1547 2852 Tragicos,
1562 2732 1624 2820 uti
1639 2762 1757 2853 saepe
1773 2732 1891 2855 apud

515 2847 733 2957 Contioos,
746 2879 892 2972 quarta
910 2854 1001 2941 sede
1027 2852 1233 2941 admittere
1248 2851 1535 2971 spondaeum,
1560 2854 1681 2967 quod
1703 2855 1891 2961 munul-

498 2968 563 3059 -lis
593 2974 782 3091 exemplis
805 2998 936 3089 posset
951 2969 1201 3059 confirmari:
1232 2972 1306 3059 etsi
1322 3000 1407 3057 non
1424 2974 1583 3089 probo,
1598 2971 1892 3085 quodRiccio·

516 3087 595 3175 lius
611 3084 725 3177 bunc
741 3090 875 3206 ipsum
884 3118 1060 3191 mesum,
1074 3086 1187 3175 Nihil
1191 3088 1232 3175 in
1238 3090 1474 3208 propinquos
1484 3110 1624 3177 temere
1635 3091 1891 3182 constituitie·

512 3230 573 3294 cat
589 3203 632 3290 in
647 3206 873 3326 exempium
888 3205 1123 3305 adduxerit,
1140 3232 1189 3294 ut
1205 3207 1248 3292 in
1266 3227 1406 3296 temere
1421 3208 1588 3328 longum
1602 3239 1719 3297 essee
1737 3239 1890 3330 postte·

513 3349 629 3437 munt
657 3325 912 3429 ostenderet,
940 3352 983 3413 et
997 3324 1155 3415 facilius
1180 3326 1408 3414 Santolium
1425 3329 1479 3417 ob
1495 3356 1731 3433 caesuram,
1759 3361 1890 3447 quarn

515 3441 595 3530 alio
610 3443 761 3543 modo,
787 3442 950 3532 defendi
974 3441 1315 3563 posseexistimo'.
1333 3445 1481 3534 Potiori
1505 3443 1753 3561 jurecensor
1770 3448 1891 3539 uasti-

512 3590 609 3679 gare
631 3561 765 3682 potuit
777 3565 984 3684 stropham
1018 3562 1184 3647 illumin
1217 3565 1376 3680 hymno
1399 3566 1439 3652 S.
1461 3563 1658 3680 Quintini
1675 3596 1765 3685 pag.
1787 3569 1884 3654 208.

515 3681 581 3767 Ne
596 3709 728 3771 suctos
738 3681 885 3770 naeres
898 3677 1104 3802 contigeris
1118 3686 1357 3770 reus-Turdo
1376 3712 1502 3803 poutn
1519 3711 1670 3800 sequor
1695 3715 1773 3773 non
1790 3688 1894 3804 petie

514 3797 1018 3923 decent-Fossordirigut't3
1044 3828 1151 3887 mors
1178 3801 1305 3889 subito
1320 3800 1653 3919 reum-indignum
1679 3834 1893 3920 praeoccu-

511 3943 611 4038 pat.
629 3920 738 4007 Nam
753 3917 785 4005 si
803 3917 911 4007 mors
933 3920 1035 4037 pede
1059 3947 1146 4007 non
1177 3920 1294 4006 tardo
1309 3920 1480 4022 deserit,
1513 3950 1731 4035 nunquam
1746 3953 1890 4011 conse·

519 4035 662 4151 quitur
677 4066 791 4124 teum
803 4066 819 4140 ς
832 4037 865 4124 si
874 4040 972 4157 petie
984 4040 1095 4126 turdo
1112 4066 1265 4154 sequax
1285 4068 1371 4125 non
1389 4038 1543 4140 deserit,
1560 4040 1780 4130 nonsultito
1796 4072 1892 4132 eunt

518 4155 1012 4273 consequiturmultoque
1027 4153 1442 4277 minusprneoctupnt,
1456 4157 1641 4273 quamvis
1656 4159 1859 4282 andignntu
1879 4221 1893 4251 0

607 4273 761 4362 Pariter
776 4302 862 4362 non
875 4275 1021 4378 video,
1036 4304 1111 4363 cur
1123 4303 1267 4362 censor
1279 4279 1406 4367 verba
1429 4278 1604 4379 invasor,
1616 4277 1796 4383 dissitus,
1810 4308 1889 4399 pro
1976 4341 1981 4347 -

520 4412 696 4494 remoto,
721 4416 842 4507 atque
856 4393 929 4481 alia
947 4392 1075 4514 hujus
1100 4392 1256 4513 generis
1279 4395 1532 4484 excludenda
1548 4395 1813 4511 judicaverit,
1841 4425 1891 4490 ac

521 4508 722 4597 nonnuiia
735 4570 751 4613 ,
762 4539 871 4627 quae
888 4539 1033 4624 aeque,
1048 4514 1111 4605 vel
1128 4511 1254 4630 tnagis
1267 4512 1573 4635 reprehensioni
1588 4539 1728 4631 patent
1744 4576 1759 4618 ,
1777 4546 1895 4633 prae·

522 4626 764 4734 terminarit,
777 4628 903 4722 veluti
916 4634 1053 4767 adyta
1068 4661 1144 4751 pto
1159 4632 1315 4750 adytum
1335 4663 1426 4751 pag.
1447 4659 1521 4745 30.
1536 4634 1708 4721 Osucros
1721 4637 1890 4754 adytus!

522 4768 564 4835 ct
587 4743 632 4831 in
664 4744 766 4836 sento
780 4747 1067 4839 Decoiianouis
1101 4754 1142 4836 S.
1161 4749 1333 4850 joannis
1347 4751 1545 4871 Baptistae
1575 4774 1782 4840 reserantm
1814 4786 1891 4874 pro

518 4891 662 4955 sereno
681 4867 784 4954 :tta
796 4868 1188 4958 mnudovres'ecnrn
1196 4860 1318 4980 ferto.
1330 4866 1455 4958 Certe
1473 4870 1641 4985 aequior
1656 4871 1816 4962 hisnon
1831 4896 1890 4964 est

515 4980 815 5086 sumamma
832 4985 943 5079 circa
958 4988 1131 5082 mutuo
1140 4985 1355 5117 gliscopro
1367 4986 1695 5203 gimicokglmer'
1722 4993 1891 5081 ut‘as'se-

1468 5134 1484 5191 c
1694 5180 1700 5193 .
