5084 6234
532 830 590 944 p
766 897 767 901 ψ
950 743 1559 905 ursinum*

534 963 663 1050 doctis
680 956 860 1046 carmina
876 954 920 1040 in
936 956 1089 1045 Christi
1107 960 1304 1045 honorem
1335 958 1536 1076 compingi
1552 983 1806 1078 potuerunt,
1832 968 1921 1080 qui·

536 1088 614 1172 bus
629 1078 915 1196 pulcherrimas
932 1105 1033 1163 certe
1050 1075 1266 1165 sententias
1283 1078 1537 1165 includerent
1555 1140 1567 1164 .

595 1228 622 1314 4
629 1228 666 1311 5.
699 1196 861 1283 Deinde
879 1224 927 1281 ex
944 1196 1109 1282 historia
1128 1193 1399 1285 Ecclesiastica
1410 1197 1566 1311 liquido
1583 1221 1719 1314 patet,
1745 1200 1796 1286 ab
1811 1197 1924 1316 Apo-

536 1319 670 1418 stolis,
700 1315 876 1429 virisque
906 1314 1145 1431 Apostolicis
1170 1313 1363 1431 plurimos
1390 1345 1411 1399 e
1438 1316 1632 1418 Graecis,
1659 1314 1925 1430 Latinisque,

537 1466 719 1553 quorum
735 1431 920 1521 nobilitas
937 1497 955 1536 ,
982 1431 1227 1546 scientiaque
1257 1432 1449 1519 laudatur
1465 1495 1480 1535 ‚
1496 1435 1551 1518 ad
1567 1434 1799 1550 religionem
1814 1436 1921 1520 chri-

538 1551 847 1645 stianamfuisse
878 1578 1101 1638 conversos
1127 1552 1224 1667 (a),
1255 1554 1328 1665 qui
1356 1553 1420 1637 sin
1452 1552 1590 1637 minus
1623 1552 1922 1666 Phisophorum

537 1702 688 1759 nomen
706 1668 1004 1770 obtinuerunt,
1024 1699 1112 1755 non
1130 1695 1341 1788 propterea
1360 1696 1483 1757 artem
1514 1667 1720 1756 condendi
1738 1671 1933 1758 carminis

540 1793 745 1909 ignorasse
762 1817 901 1875 omnes
916 1790 1104 1876 censendi
1139 1815 1261 1875 sunt.
1293 1792 1455 1874 Notum
1471 1813 1556 1889 est,
1590 1817 1713 1901 quem
1743 1787 1931 1875 fructum·

540 1909 676 1997 tulerit
692 1907 911 2025 Apostolus
926 1905 1075 1993 Paulus
1092 1937 1142 2003 ex
1153 1908 1368 2022 Areopago
1383 1907 1457 2020 (1)
1471 1970 1499 2009 ‚,
1517 1906 1727 2019 :Quidam
1739 1933 1837 1989 vero
1851 1906 1931 1993 viri

384 2101 388 2108 .
424 2104 426 2109 ⁴
544 2090 575 2132 „
608 2027 868 2113 adhaerentes
887 2028 924 2111 ei
946 2024 1228 2113 crediderunt:
1257 2025 1302 2108 in
1323 2037 1469 2140 quibos
1486 2050 1535 2113 et·
1555 2025 1784 2138 Dionysius
1799 2023 1933 2108 Areo·

542 2173 572 2249 ,3
603 2142 736 2261 pagita
754 2169 822 2244 ,et
838 2142 978 2229 mulier
997 2143 1162 2228 nomine
1180 2141 1397 2244 Damaris,
1430 2145 1548 2231 etalii
1564 2174 1661 2230 cnm
1677 2145 1732 2230 eis
1749 2207 1783 2246 ‚,
1800 2203 1812 2228 .
1845 2145 1934 2229 ltno

541 2267 585 2349 S.
601 2261 799 2362 Paulum,
820 2290 1039 2376 antequam
1058 2291 1206 2346 nomen
1224 2260 1392 2347 Christo
1410 2263 1579 2351 dedisset
1594 2326 1610 2365 ,
1623 2261 1755 2363 Tarsi,
1772 2285 1811 2348 et
1831 2261 1932 2346 Hie-

544 2380 768 2493 rosolymae
789 2378 994 2496 insigniter
1010 2380 1128 2466 luisse
1161 2377 1487 2495 philosophatum
1519 2381 1734 2468 multorum
1751 2404 1808 2465 est
1838 2408 1932 2464 sen-

543 2499 682 2593 tentia:
695 2527 826 2600 eum'a
842 2525 1052 2612 poetarum
1065 2496 1233 2583 lectione
1253 2528 1338 2581 non
1355 2498 1526 2584 omnino
1539 2498 1790 2586 abhorruisse
1808 2496 1937 2613 ipsius

545 2615 747 2731 Epistolae
766 2617 1074 2702 demonstrant.
1109 2615 1236 2701 Aede
1255 2616 1438 2705 Patribus
1451 2615 1720 2734 Apostolicis,
1751 2643 1933 2730 quorum

544 2759 686 2820 extant
710 2733 933 2849 opuscula,
964 2760 1002 2821 et
1020 2762 1227 2847 tamquam
1261 2735 1467 2824 humanae
1504 2735 1722 2853 sapientiae
1755 2732 1934 2849 expertia

545 2880 570 2935 a
586 2850 834 2965 quibusdam
850 2852 1122 2940 traducuntur
1138 2916 1151 2952 ,
1169 2880 1254 2935 non
1274 2855 1447 2939 absurde
1467 2852 1655 2939 affirmari
1674 2877 1830 2969 potest,
1859 2880 1932 2937 eos

550 2966 699 3055 litteras
715 2968 909 3085 profanas
927 3000 1012 3055 non
1029 3000 1111 3060 tam
1128 2972 1327 3083 ignorasse
1343 3033 1357 3072 ,
1381 3000 1507 3085 quam
1524 2971 1803 3090 contempsisse
1823 3027 1834 3051 .
1856 2967 1936 3050 Pli-

547 3087 645 3172 nius
662 3086 704 3170 in
723 3110 941 3176 memorata
960 3091 1135 3205 Epistola
1154 3089 1207 3173 ad
1218 3088 1447 3199 Traianum
1469 3092 1613 3178 multos
1628 3088 1761 3177 omnis
1779 3085 1941 3174 ordinis

546 3203 732 3290 homines
758 3207 955 3321 Religioni
973 3209 1228 3295 Christianae
1246 3208 1466 3296 adhaesisse
1484 3212 1711 3297 courfirmat
1730 3242 1789 3310 „t
1811 3205 1938 3293 Multi

548 3378 579 3424 ,‚
612 3320 720 3407 enim
736 3385 749 3425 ,
766 3324 820 3409 ait
839 3327 999 3425 ‚omnis
1018 3326 1183 3426 aetatis,
1212 3328 1337 3412 omnis
1364 3328 1534 3429 ordinis,
1565 3330 1778 3441 utriusque
1811 3354 1936 3412 sexus

550 3501 580 3542 „
611 3441 729 3527 etiam
746 3467 945 3530 vocantur
963 3446 1004 3527 in
1024 3442 1248 3562 periculum
1262 3508 1277 3545 ‚
1292 3470 1330 3530 et
1347 3451 1606 3532 vocabuntur
1623 3507 1634 3528 .
1662 3452 1808 3558 Neque
1823 3442 1935 3527 enim
1973 3502 1987 3542 ,2

548 3618 578 3659 ,‚
609 3558 786 3647 civitates
803 3586 959 3646 tantum
975 3624 990 3664 ,
1005 3563 1075 3650 sed
1091 3564 1202 3651 vicos
1218 3562 1339 3648 etiam
1354 3626 1372 3665 ,
1386 3590 1505 3678 atque
1532 3591 1657 3681 pagos
1685 3559 1940 3679 superstitio-

549 3736 578 3778 „
610 3674 673 3761 nis
690 3676 803 3765 istius
827 3682 1020 3798 contagio
1038 3704 1251 3799 pervagata
1267 3706 1325 3769 est
1338 3739 1369 3784 „
1387 3744 1398 3766 .
1415 3682 1531 3769 Nihil
1545 3684 1665 3801 igitur
1683 3709 1741 3769 est
1758 3706 1903 3767 causae
1922 3736 1939 3777 ,

550 3799 814 3906 quamobrem
832 3823 924 3886 ante
941 3802 1179 3889 Antoninos
1197 3801 1399 3886 neminem
1430 3801 1551 3890 fuisse
1570 3803 1613 3888 in
1628 3799 1800 3889 Ecclesia
1832 3795 1939 3880 dica-

550 3935 652 4013 tur,
673 3914 745 4027 qui
772 3918 894 4004 sacris
912 3920 1162 4008 carminibus
1190 3919 1416 4008 condendis
1446 3949 1615 4045 operam
1645 3924 1741 4008 dare
1759 3942 1872 4018 arte,
1902 3933 1943 4007 et

556 4030 743 4120 doctrina
761 4033 928 4150 adjutus
940 4038 1121 4155 potuerit
1139 4099 1153 4125 .

545 4219 552 4231 ‘
616 4214 671 4297 (a)
713 4212 826 4304 Longa
856 4217 981 4289 horum
1009 4217 1113 4288 series
1142 4217 1212 4291 texi
1282 4241 1385 4298 rum,
1411 4210 1943 4311 uttnnct.ap0st.cap.5.,et

556 4325 700 4400 posset:
735 4314 812 4380 satis
831 4310 874 4380 sit
887 4316 1061 4385 nominare
1075 4316 1212 4385 Corne·
1283 4316 1505 4398 aufertur,
1537 4316 1693 4389 Flavium
1723 4313 1943 4404 Clementem

565 4402 638 4475 ium
657 4405 923 4492 Censorinum,
942 4411 1129 4503 josephum
1149 4435 1212 4484 no·
1281 4412 1471 4485 Domitiani
1498 4412 1693 4489 Patrutlem
1719 4461 1731 4495 ‚
1761 4413 1834 4497 eins
1852 4407 1945 4478 Uxo-

557 4498 664 4573 bilem
682 4504 939 4591 Decurionem,
965 4508 1212 4591 Nicodemum,
1282 4534 1353 4582 tem
1372 4509 1521 4583 Flaviani
1535 4512 1781 4587 Domitillam·
1812 4503 1946 4575 Confss

559 4598 729 4673 Gamaliel
764 4602 983 4679 pharisaeum
1010 4656 1022 4691 ,
1048 4608 1212 4683 lazarum
1281 4608 1479 4682 Ansaldium
1499 4612 1690 4684 aemulor.
1722 4620 1791 4680 ver.
1821 4600 1946 4676 cbrist-

560 4716 639 4767 cum
657 4698 842 4773 Sororibus
859 4704 997 4788 Maria,
1013 4725 1047 4779 et
1066 4708 1213 4791 Martha,
1286 4706 1440 4778 Lamiam
1470 4717 1520 4779 De
1533 4713 1653 4784 Erudit
1662 4718 1812 4801 aposta
1829 4714 1863 4772 el
1888 4699 1949 4769 Sl*

513 4876 515 4878 ,
562 4792 693 4877 lairum
710 4786 905 4893 Principem
927 4827 1133 4900 synagogae,
1148 4806 1217 4877 Re·
1284 4803 1474 4877 bastianuro
1501 4805 1599 4880 Pauli
1623 4803 1775 4876 aeaoesr
1801 4802 1948 4874 SAPR

563 4890 683 4987 gulum
711 4939 722 4973 ‚
753 4917 811 4966 seu
842 4897 1036 4994 Principem
1066 4902 1218 4996 Caphar·
1279 4904 1688 5003 primorumseculorrtm.

567 4993 817 5077 naum,turbam
836 4995 1060 5074 Sacerdotum
1073 5001 1216 5106 ludaeo-
1331 5010 1388 5099 (a)
1412 5006 1536 5092 Actor,
1552 5021 1692 5100 cap017.
1707 5008 1863 5099 versu·
1935 5023 1937 5028 ·
