5084 6234
906 840 1442 930 ursinum-n·
1789 857 1880 953 ss,

727 983 836 1100 Quis
853 1010 912 1071 tot
941 1012 1186 1085 aerumnas,
1219 1006 1280 1068 tot
1310 1012 1445 1068 amara
1478 1004 1610 1100 posset

726 1108 891 1189 Damna
924 1097 1059 1188 diffusi
1090 1127 1274 1216 reparare
1296 1099 1460 1204 luctus,

731 1222 790 1322 Ni
808 1226 925 1312 Deus
938 1249 1105 1307 carnem
1118 1217 1303 1309 subiisset
1322 1216 1399 1304 alta

851 1342 1001 1426 Missus
1025 1342 1078 1427 ab
1096 1340 1218 1428 arce‘l

730 1458 862 1575 Virgo
884 1458 1128 1574 promissum
1144 1457 1331 1575 genitura
1349 1458 1517 1546 Numen

730 1579 879 1663 Attulit
910 1576 1051 1693 culpam
1078 1578 1166 1663 sine
1194 1577 1282 1665 labe
1307 1602 1462 1664 certum

731 1694 947 1785 Nuntium
980 1695 1075 1783 victi
1106 1696 1292 1798 sceleris,
1318 1721 1522 1814 caputque

853 1812 1062 1905 Contudit
1086 1815 1252 1931 Hydrae
1272 1872 1287 1906 0

495 2112 612 2171 sectr.
629 2109 756 2194 quaest.
771 2118 805 2169 a.
821 2120 920 2171 rrum·
932 2120 989 2171 aaa
1005 2099 1088 2173 haec
1103 2100 1160 2171 ha·
1215 2124 1316 2194 quam
1352 2100 1385 2172 in
1418 2098 1578 2174 Ecclesiis
1614 2095 1881 2193 Hispaniarum,

496 2198 580 2271 betr
616 2192 853 2294 Suspicabatur
882 2199 963 2294 pius
986 2200 1045 2269 crir
1073 2196 1156 2268 haec
1215 2203 1302 2276 hanc
1325 2197 1575 2270 solemnitatem
1596 2195 1791 2278 celebrari,
1820 2219 1883 2267 cu·
1931 2213 1934 2218 '

499 2290 637 2380 conficta
654 2318 723 2365 esre
745 2296 936 2390 aquoplsm
955 2295 1090 2366 ministr
1101 2310 1158 2389 pe·
1216 2300 1270 2379 jus
1300 2294 1491 2387 religiosum
1509 2296 1641 2369 cultum
1669 2291 1882 2366 incredibili·

496 2396 563 2469 rito
594 2394 701 2472 ulra,
731 2394 790 2488 qui
820 2394 856 2462 id
876 2391 1082 2462 Gundisalr'ro
1099 2390 1159 2459 tri·
1221 2411 1274 2465 ter
1287 2391 1381 2465 auxit
1397 2392 1534 2487 egregia
1554 2394 1660 2485 pietas
1674 2388 1885 2473 Carolilll.,

493 2493 615 2565 buerit,
631 2491 766 2587 quodde
778 2486 942 2575 ildefonso
955 2503 1164 2561 vererestra·
1220 2515 1324 2587 quem
1352 2490 1451 2562 Deus
1480 2490 1647 2586 sospitet,
1682 2486 1801 2582 insigni
1820 2486 1886 2559 Ot-

497 2594 610 2665 dirlere
625 2636 635 2657 .
652 2589 717 2659 Sed
733 2610 846 2660 rerum
862 2599 1052 2661 nostrarum
1070 2586 1164 2683 igno·
1222 2590 1301 2664 dine
1333 2588 1495 2682 Equitum
1525 2590 1591 2661 sub
1618 2585 1744 2668 titulo,
1773 2603 1810 2657 et
1825 2608 1888 2677 pa·

496 2687 605 2763 tantia
631 2686 728 2757 alteri
759 2685 903 2780 scopulo
937 2685 996 2759 ille
1011 2684 1166 2759 adhaesit
1223 2683 1372 2762 trocinio
1387 2688 1624 2760 immaculatae
1637 2679 1888 2777 conceptionis

496 2791 583 2861 hanc
596 2786 848 2858 annotationem
864 2786 1085 2880 subiungens.
1102 2791 1166 2855 To·
1225 2787 1413 2861 instituto.
1445 2788 1641 2880 Antequam
1679 2785 1764 2854 hane
1790 2800 1889 2855 nota·

496 2885 591 2957 laras
624 2883 756 2955 nomine
781 2884 835 2955 hic
874 2885 1056 2957 indicatam
1078 2898 1163 2983 puto
1226 2886 1356 2961 tionem
1383 2910 1403 2958 e
1435 2885 1588 2958 manibus
1613 2880 1781 2964 dimitto,
1817 2899 1891 2952 me·

497 2982 612 3057 urbem
660 2981 695 3050 in
735 2983 953 3079 Guiptrzcaac
987 2984 1166 3080 provincia
1227 2991 1373 3060 nendum
1391 2984 1536 3066 censeo,
1569 2979 1804 3061 Salustium,
1829 2999 1889 3050 cu·

495 3097 602 3186 prope
636 3080 752 3152 orium
763 3078 889 3167 flumen
903 3085 948 3152 ad
963 3082 1090 3151 radices
1104 3087 1167 3171 Py·
1224 3089 1278 3168 jus
1294 3105 1380 3171 opus
1396 3084 1439 3151 de
1455 3079 1697 3172 Conceptione
1717 3076 1888 3170 Deiparae

501 3200 697 3255 renatorum
727 3178 901 3274 positam,
931 3177 1011 3249 olim
1044 3175 1166 3248 ituris·
1226 3179 1260 3256 in
1286 3185 1348 3253 hae
1383 3178 1617 3252 controversia
1642 3169 1895 3269 soletaprarlss

499 3303 596 3357 sam,
618 3299 684 3351 nan
702 3276 852 3347 Tolosam
866 3277 899 3346 in
917 3275 1037 3348 Galliis
1052 3277 1168 3359 ‚cuius
1229 3294 1310 3375 que
1344 3277 1473 3351 laudari
1501 3325 1513 3361 ,
1541 3301 1613 3356 esse
1640 3269 1893 3347 Ferdinandutd

497 3372 814 3477 'Episcopusnullam
829 3372 946 3446 lrabrrit
959 3374 1169 3474 inllispanit
1230 3377 1396 3453 Chirinos
1424 3380 1467 3450 de
1494 3376 1629 3451 Salazar
1646 3373 1680 3445 S.
1698 3374 1893 3458 1.,ιειιὶιιό

500 3474 903 3553 sacrolateranensi
922 3474 1168 3566 Archiepisco·
1230 3477 1301 3551 lum
1321 3478 1416 3549 illum
1432 3475 1496 3569 (sic
1518 3476 1679 3548 traditum
1699 3470 1832 3566 accepil
1845 3471 1893 3557 al·'

497 3571 752 3673 purTolosanus
771 3572 936 3645 inGalliis
955 3571 1168 3666 intelligine·
1227 3575 1334 3649 terius
1362 3573 1496 3646 infausti
1527 3571 1715 3647 laudatoris
1757 3563 1889 3646 Marise'

501 3675 578 3772 quit
592 3674 715 3746 festum
733 3668 982 3761 Contentionis
1008 3670 1162 3741 ordinas·
1225 3671 1380 3767 Virginis
1418 3672 1555 3757 loannis
1601 3670 1772 3764 Baptistae
1798 3667 1892 3743 Poad

500 3777 544 3848 'te
558 3823 570 3857 ,
582 3773 663 3869 quia
677 3769 802 3843 nullam
820 3768 940 3841 habuit
952 3771 984 3839 in
999 3765 1164 3861 Hispania
1226 3773 1262 3847 8.
1274 3771 1307 3856 l.
1321 3819 1332 3841 .
1347 3767 1530 3843 Salazarius
1558 3790 1749 3861 cognomen
1765 3761 1892 3865 Hirpnss

499 3871 757 3950 auctoritatem,
777 3866 886 3939 multo
904 3864 1014 3938 minus
1030 3866 1167 3938 nomine
1227 3892 1308 3941 num
1328 3866 1505 3946 editions,
1531 3891 1600 3960 quo
1629 3868 1719 3940 inter
1742 3867 1890 3963 scripto·

502 3964 927 4061 Archleplscopi‘lolosani
944 3963 1085 4039 indicari
1103 3987 1164 4057 po·
1227 3990 1280 4041 res
1293 3966 1464 4059 Hispanos
1477 3989 1495 4035 a
1507 3965 1590 4037 Nic.
1604 3962 1790 4064 Antonio-t
1830 3989 1889 4041 en·

501 4080 567 4137 test
592 4066 729 4140 Praesul
744 4066 889 4138 Tolosae
910 4063 1163 4156 Guipuzcoae‘,
1224 4086 1345 4149 setut,
1372 4065 1476 4137 latino
1492 4087 1588 4137 more
1607 4066 1753 4138 reddidit
1767 4063 1889 4162 greiti·

501 4185 589 4259 quae
625 4188 793 4258 nunquam
828 4163 1164 4254 Archiepistopum,
1224 4185 1309 4250 stura
1336 4187 1378 4236 ex
1405 4188 1474 4258 quo
1489 4164 1600 4257 lapsus
1626 4185 1677 4239 est
1690 4161 1890 4239 illnusnll·

503 4277 562 4333 aut
580 4260 786 4351 Episcopum
803 4266 931 4347 habuit,
946 4261 982 4332 itt
998 4261 1162 4354 perspici·
1224 4262 1319 4337 chael
1334 4286 1352 4333 a
1368 4261 1556 4356 &josepho
1569 4263 1712 4338 Ordinis
1730 4261 1887 4335 Discale.

504 4375 562 4432 tur
578 4357 610 4427 in
630 4358 810 4452 catalogis
837 4361 990 4432 omnium
1025 4358 1165 4451 Episco·
1223 4360 1459 4435 §aternitatis
1474 4362 1578 4442 insua
1593 4357 1890 4435 eruditissimassl·
2027 4415 2029 4420 .

505 4475 678 4550 paruum,
708 4455 955 4550 quiunquam,
986 4459 1163 4549 uspiamve
1226 4455 1889 4558 olographarol.4.pag.95..ars.sala-

504 4554 719 4629 extiterunt.
742 4553 817 4639 lam
847 4579 931 4626 sero
958 4556 1045 4629 sicut
1066 4555 1170 4626 incer·
1191 4619 1199 4635 .
1227 4583 1290 4634 zar
1305 4562 1542 4632 Perdinandus.
1557 4560 1673 4627 Dictus
1685 4570 1749 4637 est,
1764 4551 1889 4650 inquit,

505 4670 579 4727 tum
602 4671 681 4736 est,
708 4653 879 4724 autetiam
896 4652 1048 4737 falsum,
1075 4656 1168 4747 quod
1241 4661 1464 4730 Ferdinandrss
1486 4658 1654 4745 Qirr'nsu
1682 4657 1721 4726 de
1735 4652 1890 4727 salazar.

502 4752 546 4824 de
577 4754 687 4844 prima
706 4750 917 4822 institutione
941 4751 1016 4822 festi
1037 4752 1169 4825 Conte-
1230 4767 1299 4830 cur
1322 4758 1465 4853 scriptor
1482 4770 1593 4828 noster
1609 4752 1668 4823 vel
1689 4755 1778 4851 apud
1791 4760 1894 4824 Exte-

507 4850 637 4941 ptionis
666 4851 698 4923 in
718 4850 880 4940 Hispana
897 4848 1168 4934 circumfertur,
1227 4876 1281 4925 ror
1294 4856 1373 4924 satis
1390 4853 1476 4923 clari
1490 4851 1749 4924 nominirlccttrrr
1762 4872 1828 4922 nort
1842 4849 1891 4921 in·

432 4972 434 4976 ⁴
506 4946 552 5018 ita
572 4949 754 5022 manifesto
770 4949 901 5041 liquet,
918 4964 1097 5038 postremis
1114 4949 1168 5021 lsis
1227 4953 1360 5025 crencrit
1374 4952 1408 5022 in
1420 4948 1623 5023 Bibliotheca
1632 4972 1720 5023 noua
1736 4950 1887 5044 Hispana

506 5047 724 5141 temporibus
738 5071 906 5144 nusquam
920 5047 1169 5143 sumptuosius,
1228 5051 1443 5129 celeberrimi
1472 5048 1619 5146 nicolai
1633 5046 1785 5124 Antonii
1797 5091 1812 5132 ,
1835 5063 1895 5120 tn·
