5084 6234
939 805 1588 900 neccssrnsrrcrs
1814 787 1816 792 ’
1880 840 1960 927 125

574 981 641 1045 cto
658 955 770 1040 XlV.
784 947 887 1069 (1),
908 948 1111 1037 Brevisrio
1143 951 1401 1039 reformando
1424 955 1479 1039 ad
1493 979 1668 1044 veterem
1684 983 1870 1040 normam
1890 1014 1903 1051 ,
1923 984 1964 1046 et

572 1074 808 1193 gravitatem
838 1070 961 1182 longo
977 1093 1151 1183 tempore
1171 1100 1242 1187 per
1271 1072 1447 1187 seipsum
1465 1074 1575 1160 solus
1591 1073 1813 1176 incubuit,
1843 1075 1960 1188 quod

574 1218 703 1280 morte
721 1214 966 1307 praeventus
986 1188 1187 1277 absolvere
1216 1218 1302 1275 non
1321 1191 1487 1307 potuit.
2041 1188 2044 1193 ’

644 1340 737 1424 ¹50·
770 1304 894 1423 Quid
920 1302 1066 1391 deinde
1100 1335 1123 1392 a
1156 1305 1349 1396 Concilio
1377 1308 1652 1415 Tridentino,
1686 1338 1727 1400 et
1757 1312 1962 1402 aPiolV.

577 1454 717 1534 actum
732 1427 885 1526 fuerit,
911 1422 1134 1510 luculenter
1151 1428 1320 1545 exponit
1336 1432 1376 1514 S.
1393 1427 1488 1516 Pius
1505 1433 1560 1516 V.
1578 1430 1620 1515 in
1639 1429 1930 1519 constitutione
1946 1496 1964 1538 ,

576 1575 686 1659 quae
707 1545 874 1663 incipit,
900 1541 1191 1650 Quodarvotis
1214 1548 1526 1663 postulotrotio,
1558 1548 1653 1638 data
1683 1549 1852 1665 septimo
1869 1551 1963 1640 idus

572 1664 672 1766 ,lulli
693 1666 839 1779 1568..
857 1725 885 1765 „
918 1659 1039 1774 Quae
1057 1662 1187 1752 divini
1203 1666 1325 1755 officii
1345 1666 1521 1755 formula
1536 1669 1600 1787 pie
1616 1667 1725 1771 olim,
1743 1697 1790 1756 ac
1809 1671 1965 1786 sapien·

571 1844 605 1904 ,ρ
636 1810 695 1872 ter
719 1816 742 1870 a
768 1780 937 1870 summis
963 1780 1254 1888 Pontificibus,
1287 1787 1514 1903 praesertim
1552 1789 1713 1877 Gelasio
1728 1851 1743 1889 ,
1758 1815 1797 1874 et
1814 1789 1965 1907 Grego

575 1961 609 2020 ψ
638 1902 700 1989 rio
723 1901 902 2020 primum
933 1899 1186 2006 constituta,
1220 1936 1243 1990 a
1279 1905 1477 2022 Gregorio
1494 1931 1630 1996 autern
1658 1907 1825 2025 septimo
1844 1906 1963 1994 reior-

577 2079 608 2126 „
637 2049 781 2125 mata,
809 2051 908 2110 cum
937 2018 1206 2110 diuturnitate
1236 2023 1427 2140 temporis
1448 2028 1500 2113 ab
1517 2025 1688 2141 antiqua
1708 2025 1962 2115 institutione

578 2200 609 2247 „
638 2140 892 2243 deflexisset;
921 2139 1142 2226 necessaria
1158 2140 1244 2232 visa
1267 2172 1330 2230 res
1344 2170 1431 2246 est,
1455 2170 1504 2232 ut
1521 2146 1574 2231 ad
1587 2144 1798 2263 pristinam
1814 2144 1963 2232 orandi

576 2319 610 2364 ,‚
639 2261 817 2378 tegulam
852 2255 1109 2348 conformata
1139 2286 1435 2351 revocaretur.
1465 2262 1547 2347 Alii
1579 2264 1689 2349 enim
1720 2263 1964 2379 praeclaram

575 2437 608 2492 ,ρ
637 2378 781 2471 veteris
794 2376 982 2470 breviarii
998 2378 1331 2466 constitutionem
1348 2378 1484 2467 multis
1500 2379 1596 2469 locis
1611 2380 1862 2480 mutilatam,
1895 2381 1964 2468 alii

572 2556 607 2603 „
638 2494 827 2600 incertis,
858 2523 898 2589 et
915 2494 1055 2584 alienis
1070 2497 1320 2612 quibusdam
1337 2526 1622 2587 commutatam
1654 2498 1964 2587 deformatunts

574 2675 605 2720 „
632 2617 797 2738 plurimi
812 2619 941 2737 specie
958 2616 1079 2704 officii
1094 2618 1380 2705 commodioris
1397 2616 1523 2706 allecti
1542 2618 1596 2704 ad
1611 2618 1847 2708 brevitatem
1864 2617 1964 2709 novi

575 2755 607 2838 s's
633 2737 827 2834 ¹breviarii
843 2766 866 2821 a
883 2736 1099 2824 Francisco
1118 2737 1364 2855 Quignonio
1394 2736 1499 2823 tituli
1514 2731 1675 2824 sanctae
1693 2736 1823 2823 crucis
1840 2736 1882 2821 in
1897 2740 1966 2834 Je-

576 2915 607 2968 φ
635 2857 811 2956 tusalern
840 2858 1082 2970 Presbytero
1105 2856 1329 2943 Cardinale
1346 2855 1559 2974 compositi
1575 2855 1849 2973 confugerunt
1863 2854 1963 2969 (a).

576 3033 608 3086 „
623 2976 744 3091 Quin
761 2976 883 3065 etiarn
898 2976 941 3060 in
959 2974 1192 3065 Provincias
1208 2976 1406 3090 paulatim
1420 2975 1629 3094 irrepserat
1643 3002 1770 3091 prava
1787 2973 1849 3058 illa
1868 3002 1965 3062 con·

577 3114 609 3200 3,
636 3095 848 3198 suetudo,
870 3122 919 3182 ut
934 3093 1123 3212 Episcopi
1156 3094 1199 3177 in
1213 3093 1428 3195 Ecclesiis,
1443 3124 1550 3209 quae
1578 3095 1630 3181 ab
1646 3090 1763 3208 initio
1781 3122 1968 3180 commu·

578 3274 611 3318 „
640 3213 743 3304 niter
754 3243 850 3304 cum
868 3214 1005 3304 ceteris
1018 3212 1142 3301 veteri
1152 3216 1342 3300 Romano
1357 3241 1466 3300 more
1477 3216 1609 3299 Horas
1623 3210 1843 3300 canonicas
1860 3212 1966 3301 dice·¹

578 3343 608 3437 ,',
638 3325 712 3436 re,
741 3359 782 3423 et
811 3332 972 3451 psallere
998 3331 1322 3434 consuevissent,
1340 3331 1545 3449 privatum
1574 3328 1650 3420 sibi
1679 3330 1850 3445 quisque
1869 3333 1963 3417 bre-

577 3513 608 3560 „
638 3453 815 3554 riarium
831 3452 1077 3550 conficerent
1089 3475 1165 3544 etc.
1179 3450 1309 3545 .llinc
1326 3451 1387 3574 illa
1404 3477 1488 3543 tam
1503 3449 1637 3541 multis
1654 3448 1699 3533 in
1717 3449 1812 3539 locis
1827 3446 1959 3539 divini

579 3692 590 3708 '
628 3682 1230 3792 (sibeBestilie.etCan.SS.lib.4.
1290 3692 1465 3788 Siquidem
1484 3690 1698 3764 Maldonstus
1724 3712 1801 3760 cum
1821 3684 1869 3758 eis
1889 3684 1961 3759 dis·

582 3785 709 3896 petto.
722 3815 861 3887 cap-13.
877 3812 1007 3882 num03·
1289 3811 1411 3886 putans
1427 3791 1471 3862 de
1497 3788 1716 3861 lmmsculats
1744 3784 1784 3856 ll.
1798 3782 1950 3881 Virginis

581 3899 587 3916 ⁴
627 3903 682 3990 (e)
707 3891 922 3967 breviarium
940 3891 1046 3962 Card.
1070 3886 1231 3986 Quigno·
1289 3887 1528 3980 conceptione
1554 3882 1875 3981 parumhooorifice
1907 3887 1952 3955 de

576 3992 628 4067 nii
645 3997 678 4067 in
693 3990 864 4067 'Gelliaet
882 3989 1168 4088 impugnatores,
1195 4005 1229 4060 et
1288 3992 1354 4065 hoc
1380 3984 1562 4058 breviatio
1586 3988 1718 4064 sensit,
1744 3983 1837 4074 qnod
1864 4003 1967 4086 non-¹

579 4091 775 4164 'defensores
801 4092 918 4162 habuit
942 4086 1150 4159 acerrimos.
1169 4085 1230 4157 Ri·
1289 4090 1373 4162 dum
1393 4088 1435 4158 ab
1454 4083 1616 4179 ineptiis,
1647 4080 1839 4176 fabulisque
1870 4078 1951 4152 satis

583 4192 739 4261 eirardus·
765 4185 938 4262 Simonius
965 4196 994 4259 Ε
1017 4186 1073 4256 ist.
1111 4182 1230 4257 select·
1289 4186 1507 4260 emendatum
1527 4182 1724 4273 'videretur
1748 4228 1760 4250 .
1785 4177 1885 4271 Quae
1915 4201 1955 4249 o·

582 4279 752 4388 spissas.
771 4285 898 4360 multus
916 4303 966 4356 est
984 4307 1016 4356 tn
1032 4285 1231 4377 exponenda
1291 4284 1383 4360 mnia
1410 4281 1577 4355 refetoex
1599 4283 1666 4355 fide
1684 4277 1826 4352 Simonii
1853 4326 1864 4361 ,
1889 4272 1949 4368 qui

578 4373 720 4461 loctuna
739 4387 836 4467 buius
861 4382 1022 4458 breviarii
1042 4383 1163 4463 varia,
1191 4404 1229 4453 ac
1293 4384 1400 4482 Epist.
1420 4398 1603 4468 15.nsrrat
1623 4429 1634 4464 ,
1661 4403 1696 4452 se
1715 4376 1836 4468 legisse
1852 4386 1952 4444 Acta

580 4485 723 4559 diversa·
736 4483 827 4574 apud
844 4483 1038 4576 Theologos
1067 4478 1230 4552 l'arisien·
1291 4480 1536 4579 Disputatiettis
1553 4480 1594 4553 de
1624 4474 1838 4573 conceptione
1853 4482 1890 4543 B.
1910 4475 1949 4545 V.

580 4605 660 4656 ees.
687 4582 741 4655 Ab
757 4580 808 4652 his
825 4581 971 4674 primum
989 4602 1129 4651 censura
1148 4602 1232 4651 con·
1292 4605 1371 4655 eum
1391 4575 1578 4670 Theologis
1598 4571 1872 4650 parisiensibus,
1900 4567 1956 4639 vi·

579 4681 689 4756 fixum
705 4682 768 4753 luit
783 4705 870 4751 sono
892 4698 931 4765 15
940 4678 1130 4771 35.Rursus
1143 4700 1231 4751 anno
1292 4677 1506 4767 scotiamque
1522 4697 1587 4766 pto
1602 4670 1799 4742 Msldonato
1813 4667 1884 4781 fine
1899 4666 1952 4739 ul·

583 4796 692 4867 1552.
709 4782 937 4872 approbatum
951 4775 1089 4871 publice
1103 4795 1153 4848 est
1167 4823 1179 4858 ,
1192 4799 1230 4849 ac
1292 4778 1324 4852 la
1339 4773 1553 4849 dubitatione
1571 4767 1731 4848 stetisse,
1763 4788 1822 4859 qut
1840 4782 1955 4837 tamen

583 4877 783 4970 praesertim
812 4871 924 4948 'eirca
970 4898 1090 4947 annunt
1126 4891 1231 4970 1574.
1292 4863 1961 4947 aliodeindecoactusfucritconcede··

584 4972 753 5070 Theologi
771 4974 974 5048 Parisienses
989 4971 1082 5044 illius
1098 4993 1232 5043 causam
1275 4991 1359 5047 re.
1388 4968 1470 5045 Vide
1488 4968 1703 5069 appendicem
1722 4964 1928 5038 secundem·
1960 4981 1962 4988 ·

582 5089 703 5151 contre
727 5072 968 5153 maldonatum
982 5085 1231 5169 susceperunt.
1656 5082 1658 5088 ·
1724 5109 1730 5118 ·
1936 5065 1959 5114 .·
