5084 6234
674 803 759 910 tre
866 894 869 900 .
1071 756 1741 903 ‘ou·'nttru-tsf.'

663 958 830 1076 frontem
843 952 1019 1042 radiante
1037 954 1650 1070 cincto-Nostrofirrivorenovata
1663 949 2089 1076 cantu-Arctoosne
2152 1030 2160 1044 ,
2193 975 2196 982 ’

683 1134 688 1151 .
737 1106 786 1166 2¹1
798 1094 841 1192 3:
873 1074 983 1160 Ante
1003 1074 1233 1160 Matrinum
1249 1076 1421 1162 Clarum
1439 1080 1641 1165 Robertus
1673 1078 1860 1191 Hanyvel
1879 1079 1985 1164 idem
2000 1079 2086 1168 sa?

674 1227 776 1292 xum
795 1195 974 1283 volverat
993 1256 1007 1292 ,
1034 1220 1081 1281 ut
1099 1195 1276 1307 hymnos
1292 1194 1483 1307 rhythmo
1500 1258 1512 1295 ‚
1532 1222 1571 1282 et
1602 1221 1729 1284 metro
1744 1198 1920 1313 alligatos
1934 1196 2068 1283 effice·
2084 1198 2095 1304 s

676 1339 765 1414 ret,¹
796 1313 931 1400 labore
950 1311 1050 1396 adeo
1068 1312 1285 1428 improbo,
1311 1339 1359 1400 ut
1373 1313 1579 1400 interdum
1613 1346 1753 1405 omnes
1769 1311 1772 1318 ’
1786 1344 1926 1407 versus
1942 1315 2071 1404 unius

672 1430 822 1549 integri
851 1431 995 1544 hymni
1025 1430 1101 1519 sibi
1138 1431 1362 1544 rhythmice
1396 1460 1669 1520 consonarent
1702 1494 1713 1518 .
1746 1433 2065 1551 Hymnologiam

671 1581 790 1642 suam
817 1550 1086 1665 rhythmicam
1115 1549 1233 1635 semel
1266 1576 1386 1664 atque
1420 1550 1718 1639 iterumedidit
1751 1557 1925 1640 Urbano
1950 1551 2062 1639 Vlll.

672 1667 877 1762 dicatam.
908 1668 1077 1755 Facilior
1106 1666 1186 1753 luit
1202 1668 1343 1769 labor,
1378 1670 1593 1786 minorque
1621 1668 1749 1787 gloria
1765 1672 1904 1768 lacobi
1924 1669 2068 1782 Planef

670 1789 786 1891 uati,
815 1786 933 1907 cujus
948 1811 1058 1875 extat
1072 1784 1158 1874 sine
1177 1788 1366 1874 carminis
1383 1789 1464 1906 lege
1484 1791 1649 1877 duobus
1666 1787 1788 1876 tomis
1800 1790 2069 1903 comprehen-¹

669 1939 713 1997 aa
737 1905 973 2017 'rhythmica
1006 1905 1226 2019 Hymnodio
1254 1905 1427 1993 coelestis
1448 1911 1575 1993 SSno
1589 1969 1603 2007 ‚
1618 1938 1667 1996 nr
1682 1911 1782 1995 Bno
1799 1907 1907 1996 Potn‘
1936 1907 2066 2021 Papus

672 2024 892 2112 Innocentio
920 2024 992 2107 XI.
1023 2021 1215 2108 humiliter
1242 2024 1399 2111 dicato.
1426 2024 1583 2111 Tomus
1624 2025 1831 2114 secundus
1879 2023 2089 2141 Collegio'

672 2139 1098 2230 Eminentissimorum
1112 2141 1212 2226 stt.
1225 2144 1275 2226 E.
1292 2142 1582 2229 Cardinalium
1609 2145 1797 2261 apparuit
1816 2145 1969 2231 dicatus
1986 2172 2064 2226 an-

671 2291 728 2350 no
750 2259 876 2347 1682.
895 2283 972 2346 tres
987 2287 1120 2344 annos
1137 2288 1227 2379 post
1243 2259 1462 2347 editionem
1477 2259 1595 2379 primi
1613 2259 1743 2369 tomi.
1768 2260 1963 2349 Ceterum
1981 2259 2066 2345 Ca·

668 2378 780 2470 tolus
796 2378 986 2493 Guyetus
1000 2380 1070 2465 loc.
1085 2376 1149 2464 cir.
1164 2399 1355 2496 quatern,
1373 2381 1557 2482 affirmat,
1573 2380 1756 2468 inutilem
1770 2379 1855 2466 fore
1873 2407 2063 2498 operam,

666 2528 774 2616 quae
803 2498 849 2585 iu
866 2496 1031 2610 hymnis
1048 2496 1287 2609 rhythmicis
1309 2501 1536 2586 condendis
1563 2498 1860 2599 insumeretur,
1888 2526 1927 2586 et
1939 2496 2058 2609 quod

669 2641 772 2705 recte
792 2614 852 2716 ii,
882 2616 956 2730 qui
987 2637 1085 2701 sunt
1117 2616 1376 2704 inbreviatio
1395 2618 1745 2719 Praedicatorum,
1775 2642 1814 2702 et
1841 2614 2066 2704 Minorun'r

664 2732 715 2828 de
733 2735 788 2838 ts.
806 2732 1028 2820 Dominico
1057 2788 1072 2828 ‚
1096 2759 1135 2823 et
1163 2735 1203 2819 S.
1222 2736 1467 2832 Franciscot
1495 2761 1535 2823 et
1563 2737 1675 2838 aliis,
1699 2735 1762 2824 vel
1795 2732 2068 2849 rejicerentur

668 2849 865 3060 Echinus,
894 2851 956 2942 vel
975 2850 1028 2937 ad
1043 2852 1156 2940 metri
1171 2852 1271 2968 leges
1305 2881 1591 2944 revocarentur
1606 2855 1705 2988 (o).
1739 2852 1897 2939 Auctor
1912 2853 2064 2972 episto·

707 3000 799 3062 tum
825 2970 874 3056 de
909 2994 1013 3057 recta
1047 2971 1239 3059 methodo
1269 2970 1502 3058 studiorum
1534 2970 1768 3058 Lusrtanice
1789 2969 2064 3087 scriptarum,

667 3088 742 3203 qui
760 3091 895 3203 Eques
912 3087 1148 3180 Ludovicus
1165 3090 1379 3179 Antonius
1395 3092 1547 3179 Vernei
1576 3089 1754 3179 creditur
1772 3118 1884 3191 esse,
1914 3121 2064 3205 quarn-

665 3234 793 3325 quam
823 3207 904 3326 ipse
932 3234 1081 3328 negat,
1107 3212 1769 3327 solumque-extremam‘manum
1800 3209 1914 3329 operi
1931 3208 2066 3328 impo-

687 3448 738 3538 (ι)
758 3442 874 3518 Surdis
891 3447 1031 3519 canebat
1046 3447 1206 3544 Guyetus
1224 3471 1235 3532 ς
1250 3470 1326 3520 nam
1386 3470 1492 3542 opera
1511 3449 1550 3521 P.
1565 3447 1748 3542 Augustini
1777 3443 1945 3518 Cermelli
1964 3448 2067 3528 eius,
2086 3540 2088 3543 Α

670 3544 888 3638 rhythmicae
905 3544 1045 3619 deliciae
1061 3549 1146 3621 adeo
1167 3545 1200 3618 in
1213 3544 1327 3618 Gallia
1390 3548 1484 3621 dem'
1502 3545 1631 3620 ordinis
1650 3543 1956 3630 praedicatorum,
1986 3565 2051 3616 cu-

661 3637 749 3713 ·altas
776 3642 907 3715 radices
950 3662 1113 3739 egerant,
1138 3662 1177 3716 ut
1206 3645 1325 3717 seculo
1388 3647 1451 3729 ius
1469 3664 1571 3729 runt,
1589 3641 1725 3737 ''Hymni
1752 3643 1847 3715 Srcn'
1874 3640 1982 3721 eno,
2016 3653 2073 3713 etw

663 3739 833 3837 superiori
869 3741 1065 3815 Alexander
1100 3741 1190 3839 Piny
1218 3741 1330 3838 Quae·
1388 3747 1517 3833 lllr'toD.
1530 3743 1700 3815 cardinali
1708 3745 1747 3813 de
1758 3740 1908 3813 Alteriis
1920 3738 2067 3834 episto·

663 3838 1016 3934 stiones'lheologicas
1033 3841 1186 3915 versibus
1204 3844 1328 3936 thyth·
1384 3858 1434 3942 po·
1445 3844 1625 3913 Tudertino
1641 3838 1925 3913 dieatiterrerire
1942 3839 2052 3931 1648.

664 3932 764 4007 micis
808 3935 1022 4021 incluserit,
1057 3959 1147 4012 ratus
1177 3989 1188 4022 ,
1217 3958 1255 4011 ut
1295 3940 1328 4010 in
1391 3938 1450 4035 qui
1466 3964 1620 4032 magnam
1637 3941 1798 4032 pietatem
1814 3934 2053 4018 redolent,et

673 4031 968 4127 praesenserit,
995 4037 1151 4110 satissibi
1169 4035 1328 4129 praesidii
1390 4041 1592 4135 plerumque
1617 4035 1742 4129 regulis
1768 4032 2051 4120 conformantur,

669 4131 832 4204 adversus
857 4133 1106 4206 obtrectatores
1141 4133 1172 4205 in
1200 4159 1241 4206 eo
1258 4156 1330 4207 esse
1391 4152 1676 4233 quemquamst
1693 4132 1802 4227 inquit
1817 4133 1850 4203 in
1865 4130 2054 4205 Praefatio·

662 4224 845 4325 positum,
873 4234 964 4324 quod
987 4232 1021 4302 S.
1036 4233 1182 4305 Thomas
1211 4236 1330 4329 thyth·
1392 4260 1458 4317 oe,
1487 4235 1654 4305 interdurn
1668 4255 1732 4304 non
1758 4231 1977 4304 itereturrre
1989 4231 2066 4327 pei

663 4324 750 4404 mice
774 4351 913 4423 quoque
938 4332 1083 4425 hymnos
1119 4331 1225 4401 fuerit
1255 4330 1330 4402 elu·
1390 4337 1469 4415 ἄιε,
1498 4333 1556 4403 sed
1568 4353 1696 4403 sensum
1711 4334 1882 4403 attendens
1893 4346 1957 4427 per
1979 4332 2052 4426 ipse

525 4416 530 4423 ’
632 4417 635 4423 ’
664 4429 852 4503 rubratus.
869 4426 981 4523 Pinyo
995 4429 1210 4520 praeluserat
1227 4428 1329 4499 Fran·
1391 4442 1424 4504 s.
1441 4431 1640 4527 Scripturas,
1659 4446 1691 4501 et
1704 4432 1812 4526 tnagis
1828 4428 2047 4526 reprimentia

664 4524 774 4600 oscus
789 4526 903 4601 Peuou
918 4525 951 4599 in
966 4526 1152 4599 Conventu
1167 4525 1330 4599 Parisien·
1390 4540 1445 4603 sS.
1462 4538 1602 4601 Petrum
1614 4528 1720 4604 octbr
1734 4552 1792 4601 eos
1806 4525 2047 4617 concinnavit.

663 4620 693 4704 si
728 4624 960 4700 Dominietno
988 4624 1196 4721 Magister,
1227 4628 1325 4710 cuius
1390 4631 1549 4713 Eiusdem
1574 4627 1707 4703 ordinis
1746 4625 1882 4720 poetria
1920 4617 2064 4708 nobilis,

662 4721 797 4809 prodiit
818 4724 955 4796 Parisiis
974 4721 1331 4820 165t.Hytrn'ttsAn·'
1390 4725 1572 4800 laurentis
1588 4727 1738 4825 Sttoyrit
1751 4746 1838 4796 anno
1857 4718 1959 4804 1588.
1975 4714 2051 4787 Flo·

663 4818 794 4917 g‘elt'cus
823 4864 834 4900 ,
857 4826 935 4894 >st'oe
964 4815 1124 4898 'Dertorls
1162 4822 1328 4919 «angelici
1389 4826 1517 4899 tentiae
1532 4824 1685 4898 ediditt'n
1700 4820 1833 4913 singule
1847 4815 1951 4887 totius
1967 4814 2050 4886 enni

664 4917 1054 5014 Serena-Theologr‘cee
1069 4923 1265 5018 llhytlrmiea
1277 4945 1329 5017 sy·
1387 4926 1547 5000 solemnia
1562 4933 1731 5015 mneos.
1762 4916 1887 4986 nitidos
1903 4960 1915 4996 s
1947 4931 1981 4987 tt
1997 4916 2050 4989 le·

664 5016 801 5119 neptis·
837 5016 964 5106 Maiori
975 5051 991 5064 ··
1008 5017 1251 5117 laude=digos
1276 5036 1330 5094 est
1342 5021 1512 5123 ”ultimo
1526 5022 1615 5118 pede
1626 5015 1870 5094 tauteus.
