5084 6234
617 828 676 921 ῳ
1043 800 1566 891 ῡΕΗΥΜΝΙΞ

619 975 657 1045 ,,’
681 940 800 1061 cujus
814 940 988 1028 auctoris
1006 936 1230 1041 interserit,
1262 939 1458 1025 adunam
1478 941 1556 1050 iam
1579 944 1722 1030 lineam
1746 946 1996 1062 congressio-.-

618 1122 648 1166 „
679 1091 772 1147 nem
787 1061 1005 1175 dirigamus
1020 1082 1098 1160 „et
1112 1088 1196 1173 top.
1215 1088 1282 1143 oo.
1299 1093 1353 1159 „2
1374 1064 1503 1148 Nobis
1520 1090 1684 1173 quoque
1701 1066 1756 1149 ad
1774 1067 1879 1149 hanc
1904 1096 1989 1179 spe·

615 1227 647 1285 „
679 1180 779 1266 ciem
797 1174 937 1265 Psalmi
952 1177 1318 1292 patrocinabuntur
1333 1207 1412 1261 non
1425 1182 1573 1293 quidem
1589 1183 1816 1296 Apostolos,
1833 1209 1870 1265 et
1883 1184 1993 1266 Hoe-

615 1316 656 1403 „
677 1298 785 1386 retici
800 1359 814 1398 ,
832 1321 871 1381 et
887 1296 1074 1383 Platonici
1091 1292 1310 1394 Valentini,
1332 1295 1402 1377 sed
1425 1298 1672 1399 sanctissimi,
1689 1325 1728 1386 et
1742 1299 1989 1415 receptissimi

615 1479 647 1520 „
677 1415 897 1532 Prophetae
913 1440 991 1501 etc.
1009 1473 1039 1514 ‚,
1053 1414 1095 1497 Si
1111 1413 1209 1497 haec
1228 1408 1313 1497 duo
1326 1410 1563 1497 Tertulliani
1580 1416 1711 1529 capita
1727 1417 1903 1530 legisset,
1919 1442 1991 1507 aut

615 1560 764 1623 attente
780 1529 1067 1619 considerasset
1095 1528 1348 1615 doctissimus
1378 1528 1602 1640 Caietanus
1622 1534 1753 1617 Maria
1783 1533 1991 1635 Travasa,

615 1652 691 1764 qui
724 1640 906 1739 veterum
939 1647 1238 1734 haereticorum
1264 1647 1373 1735 vitas
1407 1647 1543 1734 litteris
1575 1648 1870 1765 consignavit,
1906 1680 1990 1737 non

523 1787 526 1792 ’
616 1770 894 1869 affirmasset,
928 1766 1070 1853 nesciri
1100 1828 1115 1866 ,
1145 1795 1231 1877 quo
1268 1765 1312 1847 in
1344 1764 1406 1850 his
1437 1767 1597 1852 Psalmis
1632 1767 1893 1853 conficiendis
1928 1798 1991 1853 te·

614 1885 786 2006 spexerit
803 1886 1046 1972 Valentinus
1062 1914 1115 1984 e„
1132 1884 1187 1965 Di
1201 1881 1283 1969 cosl
1295 1884 1382 1968 fatti
1400 1883 1510 1968 salmi
1528 1884 1915 2002 perb‚inquit(1),
1936 1888 1990 1974 da

614 2068 643 2107 „
661 2001 828 2121 Origine
845 2002 1063 2118 riguardati
1075 2030 1187 2087 come
1200 2003 1519 2116 componimenti
1534 2002 1577 2086 di
1588 2004 1820 2103 Valentino,
1834 2005 1885 2087 nd
1900 2003 1989 2120 egli,

612 2186 640 2225 ,‚
658 2120 966 2230 nealcun’altro
977 2118 1100 2205 Padte
1116 2147 1161 2204 ee
1179 2147 1228 2202 ne
1244 2117 1298 2201 ha
1317 2146 1550 2207 conservata
1570 2121 1856 2235 parola,donde
1870 2150 1987 2235 possa
2022 2164 2025 2167 >

610 2296 641 2343 „
658 2236 774 2327 trarsi
791 2262 1022 2355 argomento
1041 2234 1140 2321 della
1150 2238 1208 2321 lor
1224 2233 1423 2348 qualiti,e
1441 2237 1536 2322 delle
1553 2237 1650 2322 mire
1667 2263 1785 2326 avute
1804 2238 1991 2323 dall'Ere·

610 2421 640 2461 „
657 2355 735 2444 tico
751 2352 838 2441 loro
854 2349 1303 2456 sutore„.alexander
1319 2354 1568 2452 Haereticus,
1583 2382 1705 2464 quem
1713 2353 1990 2443 Tertullianus

609 2470 748 2561 refellit
761 2533 782 2574 ,
804 2503 855 2560 ex
873 2471 1080 2560 Valentini
1100 2470 1260 2554 Psalmis
1275 2475 1499 2586 arguebat,
1532 2473 1745 2558 Christum
1764 2502 1849 2557 non
1868 2472 1988 2560 fuisse

606 2621 663 2678 ex
681 2591 812 2677 Maria
832 2589 998 2708 Virgine
1018 2613 1189 2687 uatum,
1213 2587 1284 2672 sed
1299 2619 1371 2702 per
1385 2593 1561 2677 Mariam
1581 2588 1819 2705 Virginem,
1854 2619 1988 2703 neque

611 2711 841 2793 humanum
860 2738 1008 2825 corpus
1024 2704 1303 2821 assumpsisse:
1323 2706 1396 2816 qui
1412 2738 1521 2792 error
1538 2738 1561 2791 a
1577 2704 1799 2792 Valentino
1817 2734 1986 2821 quoque

609 2825 782 2912 traditus
809 2824 939 2912 fuerat
959 2888 971 2910 .
990 2820 1265 2922 Bardesanes,
1284 2824 1406 2909 homo
1423 2825 1633 2926 eruditus,
1654 2851 1692 2909 et
1710 2825 1758 2909 de
1775 2825 1850 2909 fide
1868 2889 1882 2926 ,
1917 2853 1988 2908 an·

606 2966 774 3054 tequam
791 2942 846 3032 ab
860 2972 907 3029 ea
927 2941 1138 3040 deficeret,
1153 2942 1254 3027 bene
1274 2941 1463 3040 meritus,
1478 2944 1583 3029 circa
1602 2945 1663 3028 Μ.
1680 2941 1833 3027 Aurelii
1852 2943 1988 3029 Anto·

607 3061 697 3147 nini
715 3088 891 3176 tempora
905 3059 1086 3179 scripsit,
1100 3088 1147 3145 ac
1169 3086 1351 3148 veterum
1369 3060 1664 3146 haereticorum
1694 3060 1897 3148 erroribus
1916 3088 1987 3145 no

607 3206 681 3263 vos
695 3180 775 3295 ipse
788 3178 945 3265 addidit
960 3241 972 3264 .
988 3178 1111 3263 Filius
1130 3178 1380 3264 Harmonius
1399 3178 1585 3264 eumdem
1603 3210 1698 3265 cum
1713 3181 1825 3265 Patre
1845 3179 2000 3272 funem,

607 3294 730 3383 eluxit
746 3358 758 3380 .
776 3292 900 3412 igitur
917 3299 1108 3395 Pater,et
1123 3293 1271 3394 Filius,
1285 3293 1367 3382 sive
1385 3295 1602 3397 uterlibet,
1620 3325 1658 3383 et
1673 3322 1722 3383 ut
1737 3297 1988 3412 probabilius

601 3414 795 3513 videtur,
825 3410 932 3498 solus
949 3409 1069 3497 Filius
1085 3410 1336 3497 concinnam
1367 3442 1629 3499 numerorum
1664 3414 1985 3499 modulationem

602 3527 777 3627 invexit,
797 3557 876 3641 qua
889 3529 978 3644 Syri
994 3528 1168 3643 hymnos
1185 3531 1235 3616 ab
1249 3528 1341 3650 ipso
1359 3526 1552 3616 haeretice
1571 3530 1815 3646 conscriptos
1832 3528 1984 3614 decan·

601 3669 755 3733 tarent.
776 3647 819 3731 S.
837 3647 1011 3763 Ephrem
1027 3646 1253 3746 Diaconus‚
1273 3667 1321 3732 ut
1334 3645 1456 3759 Syros
1473 3646 1633 3735 musicis
1649 3648 1824 3735 modulis
1838 3645 1984 3730 delini-

602 3786 664 3850 tos
680 3766 731 3852 ab
753 3765 967 3854 Harmonii
992 3762 1142 3851 haeresi
1167 3760 1220 3848 ad
1249 3791 1388 3851 veram
1419 3765 1541 3851 fidem
1572 3791 1807 3866 revocaret,
1835 3761 1984 3848 eisdem
2025 3859 2028 3863 ,

603 3881 781 3969 numeris
799 3877 1013 3969 catholicas
1029 3876 1242 3993 sententias
1258 3880 1446 3981 inclusit;
1462 3908 1548 3996 quo
1566 3881 1720 3971 factum
1748 3909 1804 3969 est
1822 3942 1836 3980 ,
1861 3906 1909 3965 ut
1927 3883 1980 3965 ab

602 4028 651 4085 eo
670 4026 845 4115 tempore
877 3996 919 4081 in
950 3999 1146 4111 Syrorum
1165 3994 1344 4086 Ecclesiis
1368 4001 1524 4087 cantica
1556 3998 1602 4085 S.
1622 4002 1790 4114 Ephrem
1820 3995 1982 4084 musicis

571 4146 586 4202 .·
602 4144 752 4205 vocum
772 4112 1117 4204 modulationibus
1134 4112 1412 4217 celebrentur,
1441 4145 1510 4218 et,
1530 4146 1578 4204 ut
1596 4117 1707 4204 multi
1728 4115 1981 4231 opinantur,
2003 4217 2013 4224 ..

600 4232 695 4319 inde
711 4236 764 4320 ad
782 4231 953 4348 reliquas
970 4229 1169 4321 Ecclesiae
1184 4231 1328 4318 eadem
1345 4237 1601 4323 consuetudo
1611 4232 1839 4350 pervaserit.
1858 4230 1981 4346 Quae

600 4378 696 4437 eum
714 4350 873 4466 antiqui
892 4351 1079 4439 Historiei
1111 4380 1198 4436 non
1214 4350 1358 4438 eodem
1375 4381 1514 4440 omnes
1531 4356 1654 4439 modo
1673 4353 1877 4453 referant,
1909 4381 1982 4436 eo·

600 4495 693 4555 rum
708 4473 832 4561 verba
848 4466 1076 4558 exhibenda
1093 4493 1204 4570 sunt,
1220 4471 1381 4584 utquid
1399 4472 1544 4559 certius
1553 4500 1602 4558 ex
1621 4472 1677 4559 eis
1692 4471 1819 4590 colligi
1834 4468 1978 4568 valeat,

594 4583 820 4703 legentibus
838 4615 1029 4708 appareat
1048 4646 1058 4669 ·
1078 4587 1363 4678 Theodoretus
1378 4588 1452 4706 (2)
1466 4648 1496 4692 ,‚
1514 4589 1564 4677 Et
1579 4591 1802 4705 quoniam,
1818 4583 1978 4699 inquit,

593 4761 629 4811 „
653 4708 1159 4800 HarmouiusBatdesanis
1173 4706 1280 4799 filius
1299 4710 1458 4800 cantica
1475 4710 1679 4826 quaedam
1693 4708 1789 4794 olim
1812 4730 1977 4822 compo·

644 4962 1436 5068 (1)Histor.hseret·esp-ramitaevalent.
1467 4982 1520 5069 (a)
1546 4971 1663 5065 ΠΜ·
1673 4963 1922 5058 Ηὶδῑ·ῑψ·29·
1961 4942 1963 4947 .
