5084 6234
1168 796 1574 883 mxum-

696 986 1159 1108 consequuntur,
1200 957 1296 1067 vix
1317 957 1553 1136 possint
1584 996 1738 1071 cunr
1757 996 1828 1070 eo
1864 956 1978 1069 ulla
2008 997 2075 1070 ex

689 1144 852 1276 parte
874 1114 1144 1243 conferri,
1173 1112 1278 1226 nisi
1313 1115 1371 1226 in
1400 1115 1463 1228 iis
1489 1117 1632 1229 forte
1664 1199 1682 1246 ,
1716 1154 1856 1263 quae
1878 1114 1942 1225 ab
1969 1116 2070 1225 illo

694 1305 864 1405 sunt,
893 1300 960 1385 ut
985 1270 1230 1423 plerique
1248 1274 1494 1406 faciunt,
1512 1275 1780 1388 mutuati.
1811 1271 2064 1387 Infinitus

693 1430 963 1562 essem,s1
981 1470 1166 1542 omnes
1205 1431 1443 1543 rationes
1482 1433 1772 1587 colligere,
1801 1458 1860 1542 et
1893 1432 2070 1580 expla-

691 1633 825 1707 nare
853 1588 1080 1717 vellem,
1112 1587 1306 1738 quibus
1336 1590 1756 1719 excellentiam,
1801 1616 2077 1742 praestan·

698 1750 943 1902 tiarnque
986 1746 1252 1863 Ecclefiae
1287 1750 1554 1865 Gothicae
1584 1750 1644 1862 in
1671 1743 1854 1860 officio
1877 1744 2068 1859 divino

686 1911 1006 2024 adornando
1026 1906 1433 2020 confirmarem.
1467 1914 1592 2021 Non
1612 1946 1834 2059 possum
1857 1935 2065 2035 tamen,

688 2068 828 2221 quin
871 2065 1069 2180 leviter
1105 2065 1431 2217 attingam,
1462 2072 1606 2218 quod
1643 2069 1856 2177 adrem
1887 2100 2066 2173 meam

688 2223 906 2377 proprie
946 2224 1247 2375 pertinet,
1294 2223 1512 2338 nullum
1566 2222 1817 2336 extitisse
1877 2218 2070 2332 Conci·

429 2450 434 2458 ·
512 2424 515 2429 ·
689 2382 883 2511 lium,
926 2379 1122 2527 inquo
1145 2383 1482 2512 nervosius,
1512 2416 1574 2495 et
1604 2377 1874 2495 efficacius
1908 2417 2066 2487 cano

686 2576 758 2653 ne
806 2573 895 2671 13
925 2535 1173 2650 Concilii
1215 2466 1482 2650 Toletani
1517 2543 1611 2653 IV
1661 2536 1886 2649 traditio
1919 2540 2068 2683 Apo

689 2695 972 2820 stolicade
992 2693 1242 2843 hymnis
1227 2730 1287 2804 ιιι
1307 2692 1548 2808 Ecclesia
1577 2692 1926 2813 concinendis
1951 2693 2071 2803 fue·

689 2852 794 2995 ‘rit‘
803 2880 1153 3007 propugnata
1190 2902 1207 2985 ς
1263 2853 1481 2966 nullum
1529 2852 1724 2964 itidem
1759 2850 1916 2963 fuiffe
1950 2855 2066 2995 Hy·

684 3014 1084 3163 moographum
1115 3009 1523 3143 Christianum,
1552 3051 1714 3162 quern
1731 3038 1922 3123 noster
1939 3009 2065 3119 Pru·

683 3171 904 3286 dontius
935 3168 1104 3320 longo
1140 3196 1265 3318 post
1319 3208 1376 3280 se
1419 3208 1532 3280 non
1573 3167 1855 3320 reliquerit
1895 3166 2065 3278 inter.

685 3327 866 3446 vallo
899 3333 1055 3469 Quae
1086 3364 1214 3437 cum-
1243 3327 1377 3448 adeo
1405 3327 1510 3437 sint
1530 3327 1859 3477 explorata,
1876 3351 1943 3438 ut
1972 3364 2063 3433 ne-

655 3524 784 3599 rmo
813 3483 1091 3633 Hispanae
1110 3482 1319 3635 gloriae
1352 3511 1466 3593 tam
1490 3484 1705 3599 invidus
1738 3480 2063 3633 reperiatur,

686 3638 863 3794 quiin
888 3638 1115 3753 dubium
1151 3670 1371 3756 revocet
1394 3683 1545 3793 ,quo
1573 3686 1666 3755 vos
1702 3645 1922 3754 tandem
1944 3634 2065 3749 ani·

681 3830 777 3916 mo
807 3837 928 3912 esse
944 3816 1205 3950 oportet?
1240 3798 1384 3941 Quid
1408 3804 1761 3914 statuendum
1792 3840 1911 3911 esse
1934 3834 2065 3908 cen·

686 3958 859 4069 setis?
898 3962 991 4069 Αιι
1023 3997 1119 4067 vos
1148 3996 1262 4069 ιιοιι
1295 3988 1559 4073 moveant
1586 3966 1808 4074 Patrum
1841 3951 2060 4098 ,Majo
2144 4093 2146 4095 v

683 4149 910 4268 rumque
941 4148 1251 4247 vestrorum
1288 4118 1576 4269 exempla,
1605 4116 1800 4269 quibus
1834 4142 2060 4227 exterae

682 4274 938 4386 nationes
966 4270 1317 4441 impulsae
1265 4313 1483 4423 prum,
1515 4275 1903 4429 egregiumque
1935 4308 2064 4384 con

685 4428 869 4547 silium
895 4447 1292 4581 susceperuut?
1334 4437 1438 4548 Sed
1466 4475 1576 4586 quo
1609 4476 1713 4587 ego
1746 4432 2061 4605 impruden·

681 4588 731 4697 ti
755 4590 1030 4743 quodam
1014 4614 1229 4739 lrnpetu
1271 4590 1535 4706 incitatus
1568 4623 1727 4707 extra
1770 4584 2061 4762 praestitu-

677 4770 769 4857 tos
796 4748 1000 4862 limites
1046 4746 1270 4879 aberro,
1308 4748 1438 4901 quid
1461 4747 1618 4866 uobis
1645 4751 1921 4904 agendum
1948 4741 2056 4919 sit,

678 4901 850 5021 veluti
908 4904 1270 5064 praescribere
1327 4928 1669 5063 aggressus²
1726 4909 1850 5020 Non
1901 4898 2058 5016 enim
