5084 6234
669 823 733 939 4⁶2
1101 812 1621 903 DEHYMNIS

669 986 790 1060 tant3
816 954 881 1050 alii
901 979 1114 1059 asserunt,
1132 960 1208 1042 hoc
1229 984 1386 1041 canone
1405 958 1612 1075 perstringi
1643 959 1911 1075 Apollinarem
1937 965 2057 1049 Lao--

670 1081 860 1168 dicenum
893 1075 962 1191 (a)
985 1074 1333 1173 haeresiarcham,
1364 1075 1436 1186 qui
1466 1077 1636 1189 psalmos
1666 1079 1862 1190 quosdam
1888 1084 2049 1167 confin-

671 1221 812 1295 xerat,
828 1219 874 1277 ac
894 1193 1016 1307 vulgo
1036 1193 1248 1277 hominurn
1272 1192 1550 1277 decantandos
1571 1193 1789 1279 tradiderat
1804 1196 1899 1311 (b).
1923 1204 2049 1284 Sozo-

671 1311 898 1429 menus(1)
913 1310 1169 1426 reprehendit
1183 1308 1501 1423 Apollinarium,
1511 1310 1626 1421 quod
1644 1320 2049 1434 proctersncroshpm-

672 1463 740 1518 nos
755 1434 802 1514 ab
818 1428 983 1514 Ecclesia
1013 1428 1204 1512 instituros
1229 1425 1488 1512 cantiunculas
1519 1430 1698 1541 quasdam
1717 1432 1884 1515 numeris
1912 1436 2049 1537 adstri-

673 1575 754 1635 ctas
770 1573 783 1646 3
797 1575 892 1662 quas
909 1543 1485 1659 Apollinariusesrcogirnnernr‚
1502 1570 1710 1630 cantarent.
1729 1545 2048 1664 Qualiscumque

671 1692 802 1751 tamen
820 1661 942 1747 fuerit
955 1689 1073 1746 causa
1084 1723 1100 1761 ,
1114 1689 1227 1745 mens
1240 1689 1384 1744 eorum
1403 1662 1566 1745 Parrum
1584 1659 1705 1745 fuisse
1724 1662 1856 1748 multis
1873 1665 2051 1769 videtur,

671 1806 719 1867 ut
733 1780 788 1864 ad
805 1778 997 1868 evitanda
1014 1778 1204 1881 scandala
1231 1777 1361 1861 solum
1379 1804 1491 1861 sacra
1508 1778 1710 1892 Scriptura
1727 1783 1949 1897 legeretur.
1974 1787 2054 1868 Ve.

669 1928 760 1983 rum
772 1895 999 1984 contrarius
1015 1896 1132 2013 plane
1153 1918 1238 1981 erat
1255 1922 1353 1977 usus
1367 1893 1560 1979 Ecclesiae
1576 1893 1656 2007 jam
1687 1901 1739 1985 ab
1765 1898 1966 2013 Apostolis
1980 1925 2052 1985 ac-

669 2041 834 2132 ceptus,
862 2041 994 2123 neque
1011 2011 1243 2127 oportebat,
1260 2036 1308 2096 ut
1327 2011 1488 2124 penitus
1507 2011 1730 2099 aboleretur
1745 2078 1760 2115 ‚
1775 2016 1947 2125 quando
1955 2017 2054 2131 plu-

671 2131 792 2216 rimae
808 2130 1073 2246 suppetebant
1090 2127 1263 2214 rationes
1285 2126 1473 2241 ,zquibus
1492 2130 1644 2215 abusus
1659 2194 1673 2232 ,
1689 2134 1760 2244 qui
1781 2134 2054 2247 irrepserant,

671 2272 743 2335 aut
774 2271 1078 2345 everterentur,
1109 2270 1182 2332 aut
1213 2246 1381 2339 correcti
1421 2245 1466 2330 in
1510 2245 1710 2336 meliorem
1743 2250 1914 2335 formam
1945 2253 2055 2338 redi-

670 2391 892 2481 gerentur.
1362 2387 1365 2393 '

1242 2473 1281 2593 §-
1314 2480 1428 2598 lel
1443 2479 1477 2561 1.

909 2740 911 2743 ¹
964 2634 1135 2724 Melodia
1152 2636 1397 2724 ecclesiastica
1416 2666 1458 2749 4.
1477 2635 1597 2720 seculo
1614 2664 1754 2740 auctu,

1207 2782 1246 2839 et
1265 2758 1511 2878 propagata.

685 2956 753 3042 55.
847 2956 1062 3048 uapropter
1088 2930 1322 3021 sanctissimi
1355 2931 1406 3020 illi
1448 2930 1658 3029 homines,
1695 2958 1741 3015 ac
1773 2921 2051 3044 sapientissimi

667 3050 821 3147 Patres,
837 3048 910 3160 qui
927 3048 1062 3137 seculo
1078 3075 1143 3165 4.,
1158 3077 1206 3136 ac
1222 3048 1447 3141 consecutis
1464 3047 1650 3162 deinceps
1667 3048 1911 3162 temporibus
1924 3045 2053 3163 splen·

669 3161 922 3249 didissimum
937 3167 1072 3251 lumen
1098 3170 1217 3253 rebus
1247 3163 1527 3260 Ecclesiasticis
1562 3165 1812 3267 attulerunt,
1844 3191 2055 3279 receptum·

667 3306 817 3365 morem
841 3284 1122 3394 hymnorum,
1162 3306 1201 3366 et
1233 3287 1451 3369 modestam
1492 3310 1756 3365 numerorum
1791 3280 2048 3368 harmoniam

666 3426 916 3517 summopere
936 3398 1272 3490 commendarunt
1288 3400 1353 3515 (c)
1372 3461 1381 3483 .
1401 3401 1489 3523 lpse
1519 3400 1560 3488 S.
1577 3396 1857 3501 Athanasius,
1875 3400 1947 3521 qui
1980 3426 2047 3486 ce·

717 3602 768 3685 (a)
795 3593 1028 3688 Apollinaris,
1053 3595 1126 3667 sive
1152 3596 1330 3687 Apollina-
1431 3597 1482 3691 (b)
1508 3596 1639 3668 Confer
1655 3595 1902 3672 Bibliothecarn
1933 3593 2047 3664 Ritua·

668 3694 736 3765 rius
755 3692 819 3763 mir
836 3692 1023 3786 Episcopus
1043 3693 1241 3775 Laodiceae,
1261 3720 1326 3765 non
1382 3694 1447 3765 lem
1464 3698 1644 3770 Zachariae
1671 3693 1765 3763 liba.
1787 3708 1898 3788 capa.
1927 3696 1971 3763 ad
1987 3712 2048 3761 an·

666 3788 864 3885 Phrygiae,
880 3794 938 3863 ubi
953 3791 1104 3864 habitum
1123 3792 1189 3865 luit
1203 3792 1331 3865 Conci·
1380 3814 1458 3867 narr
1472 3814 1556 3881 370,
1645 3798 1697 3883 (r)
1727 3792 1802 3863 lib.
1815 3798 1848 3860 6.
1867 3809 2005 3878 (ερας.

667 3886 749 3959 lium
791 3889 1061 3969 laodicenum,
1091 3893 1148 3960 sed
1182 3891 1327 3982 Syriae.
1430 3898 1476 3978 (e)
1505 3886 1678 3961 Fabricius
1710 3886 1939 3981 Bibliograpb.
1965 3894 2046 3956 Art·

665 3983 941 4076 Distinguendus
957 3986 1057 4055 etiam
1074 4005 1124 4056 est
1142 3988 1183 4067 ab
1199 3988 1333 4076 Apolli·
1382 3988 1442 4079 rip.
1461 4000 1533 4080 cap·
1552 3986 1611 4062 Xl.
1628 4008 1720 4058 narn.
1739 4008 1751 4053 r
1762 4006 1793 4072 3.
1822 3983 1945 4077 allegat
1964 3985 2046 4054 duas

669 4081 765 4154 nario
784 4081 976 4172 professore
1002 4082 1278 4164 Grammaticae,
1296 4102 1331 4154 et
1381 4080 1648 4154 Dissertationes
1667 4081 1756 4153 iuter
1780 4102 1816 4150 se
1837 4080 2047 4160 contrarias,

668 4196 770 4271 poeta
785 4176 1009 4261 Christiano,
1034 4179 1093 4269 qni
1112 4179 1178 4251 fnit
1193 4183 1264 4260 eius
1281 4206 1335 4271 pa·
1382 4178 1521 4251 alteram
1540 4176 1728 4250 Salomonis
1748 4177 1878 4254 Ernesti
1899 4176 2050 4270 Cypria·

669 4293 745 4345 ter.
776 4274 880 4344 Filius
911 4276 1112 4347 rhetoricam
1145 4282 1333 4361 docuerat,
1383 4279 1413 4347 ni
1447 4279 1486 4346 de
1515 4275 1756 4370 propagatione
1787 4273 1959 4345 haeresum
1987 4290 2050 4369 per

669 4388 705 4447 et
721 4388 863 4464 uterque
878 4375 918 4443 ab
936 4371 1101 4444 Ecclesiae
1126 4376 1335 4446 communio·
1384 4373 1595 4455 cantilenam
1625 4372 1762 4442 alteram
1789 4371 1951 4454 iohannis
1978 4375 2048 4441 An·

669 4492 711 4541 ne
741 4468 823 4539 olim
850 4487 1045 4564 segregatus
1077 4470 1214 4552 fuerat,
1241 4476 1333 4565 quod
1384 4467 1660 4542 dreaeSchmidii
1687 4472 1726 4539 de
1737 4472 1977 4566 propagatione
1991 4476 2048 4552 lle·

670 4570 712 4638 ad
726 4567 928 4640 audiendum
953 4568 1108 4661 hymnum
1127 4570 1160 4640 r'rr
1175 4572 1333 4641 honorent
1383 4567 1518 4661 ligionis
1555 4582 1616 4662 per
1641 4569 1787 4641 carmina
1812 4616 1824 4639 .
1851 4573 2047 4656 Argumen-

671 4662 794 4736 Bacchi
808 4688 827 4732 a
839 4665 1035 4737 Gentilibus
1060 4669 1270 4739 decantatum
1292 4670 1335 4736 in·
1384 4685 1456 4733 turn
1472 4662 1600 4751 prirnae
1613 4664 1736 4736 offerre
1750 4679 1944 4756 potuerunt,
1958 4685 2046 4752 quae

671 4759 861 4833 tetfuerat.
891 4766 1002 4834 Ambo
1019 4781 1127 4834 tamen
1158 4770 1197 4833 ad
1222 4764 1334 4836 Eccle·
1383 4767 1415 4849 ξ.
1436 4762 1606 4855 Superiori
1619 4760 1874 4852 explanavimus
1887 4804 1898 4837 ‚
1913 4757 1979 4828 levi
1997 4774 2047 4827 ta·

672 4863 753 4930 siam
783 4860 951 4932 redierant
979 4879 1057 4952 post
1085 4880 1192 4935 actam
1221 4862 1339 4956 poeni·
1387 4883 1464 4930 rnen
1482 4861 1619 4950 negotio
1635 4856 1813 4928 refellenda
1829 4880 1874 4927 ex
1890 4855 1960 4927 lere
1975 4870 2049 4927 tota

673 4956 833 5029 tentiam.
1155 5022 1160 5032 .
1385 4955 1517 5053 reliqua
1533 4953 1780 5031 Dissertatione
1798 5000 1809 5022 .
