5084 6234
673 812 757 933 aa
1022 782 1691 898 'sensuumff

670 957 821 1055 tendas,
836 979 875 1056 et
891 951 1132 1069 corrigendas
1147 943 1321 1031 adhibuit
1331 940 1519 1061 prcafirtus
1535 944 1717 1060 Pontifex
1743 973 1819 1038 rtet
1844 947 2068 1040 lectlsslaae

672 1074 875 1161 Societatis
884 1077 978 1168 Iesu
999 1068 1111 1167 uiros,
1127 1095 1176 1150 ar
1183 1063 1405 1182 politiorum
1423 1063 1633 1152 litterarum
1664 1070 1755 1153 bene
1773 1069 1944 1183 peritos,
1969 1070 2069 1157 ethi*
2190 1121 2202 1134 .

663 1184 824 1301 fuerunt
838 1191 1046 1276 Farnianus
1060 1181 1449 1298 Strada,Tarquinius
1461 1180 1667 1285 Gallucius,
1679 1205 1718 1268 et
1728 1187 1983 1305 Hieronymus
1991 1190 2067 1280 Pe·‘

673 1306 1107 1425 truccius(1).Extant
1123 1299 1356 1415 hujusmodi
1378 1299 1520 1412 hymni
1539 1304 1738 1389 emendati
1759 1305 1864 1425 typis
1883 1304 2063 1393 romania

675 1429 772 1516 editi
792 1453 1046 1537 ,antequam
1062 1418 1261 1509 breviario
1288 1415 1609 1532 adjungerentur
1626 1484 1640 1521 ,
1656 1451 1836 1533 quorum
1862 1450 1939 1511 tres
1952 1423 2062 1540 ejus·

678 1550 768 1634 dem
786 1544 887 1632 anni
903 1543 986 1635 vidi
1013 1539 1210 1625 editiones
1226 1534 1269 1618 in
1287 1562 1328 1648 4.
1348 1597 1362 1634 ,
1380 1536 1422 1617 in
1438 1535 1512 1635 8.,
1542 1535 1582 1619 in
1609 1568 1675 1621 12.
1696 1542 1772 1623 hac
1799 1542 1940 1628 titulo:
1975 1544 2017 1627 Η

674 1671 760 1751 mni
777 1661 959 1751 Breuiarii
973 1656 1140 1748 Romani
1173 1653 1261 1738 Sati
1293 1652 1384 1739 Dat·
1398 1653 1534 1737 Nostri
1558 1657 1706 1741 Urbani
1733 1658 1839 1746 Vlll.
1856 1658 2005 1768 jussu,
2025 1685 2073 1749 er

675 1787 817 1872 Sacrae
831 1784 989 1871 Rituutn
1023 1773 1340 1893 Congregarionis
1360 1771 1628 1887 approbatione
1660 1777 1851 1861 emendati
1877 1836 1887 1857 .
1920 1782 2068 1866 Romae

678 1903 778 2025 typis
795 1898 991 1995 Vaticanis
1007 1898 1130 2007 1629.
1145 1888 1470 2006 .Transcriptum
1481 1889 1581 1977 inibi
1599 1920 1656 1979 est
1673 1894 1877 1982 decrentm
1893 1925 1972 1981 sac.
1995 1898 2072 1979 Βῐι

677 2053 798 2115 tuum
815 2012 1156 2151 Congregationis
1172 2074 1187 2114 ,
1205 2039 1291 2124 quo
1307 2005 1582 2123 permittitur,
1608 2037 1655 2097 ut
1670 2011 1712 2096 hi
1730 2012 1906 2126 ¹correcti
1920 2015 2066 2126 hymni

678 2171 753 2262 pto
770 2139 1242 2250 antiqursusurpentur.
1352 2162 1356 2170 ’
2137 2140 2139 2146 ’

697 2305 702 2336 -,
744 2285 839 2371 159.
872 2251 1076 2340 Nimirum
1108 2248 1237 2337 voluit
1276 2244 1460 2333 Pontifex
1496 2246 1666 2363 experiri
1699 2313 1713 2350 ,
1747 2280 1800 2336 an
1834 2250 1886 2334 illi
1921 2251 2064 2364 hymni

681 2371 972 2465 emendatiores
995 2366 1157 2504 prodire
1175 2390 1362 2484 possent,
1387 2362 1419 2448 si
1452 2362 1600 2451 interea
1632 2368 1862 2498 quidquam
1877 2370 2078 2485 objicere·-

681 2523 750 2585 tur
770 2496 822 2580 ab
841 2491 888 2576 iis
904 2554 917 2591 ,
933 2518 1006 2602 qur
1023 2516 1093 2573 eos
1116 2485 1321 2601 legerent,
1356 2482 1472 2591 quod
1498 2482 1632 2569 limam
1663 2486 1832 2573 ulterius
1865 2487 2081 2573 desidera-·

684 2640 771 2701 tet.
802 2614 936 2695 Pauca
968 2634 1100 2691 tamen
1118 2629 1271 2688 mutata
1289 2625 1415 2702 sunt,
1444 2624 1485 2688 et
1502 2604 1705 2712 quaedam
1734 2634 1820 2689 non
1847 2604 2082 2690 admodum·

684 2726 936 2817 necessario:
962 2723 1086 2837 aliqui
1111 2750 1284 2822 versus,
1309 2719 1381 2832 qui
1412 2748 1461 2804 ex
1478 2719 1657 2833 antiquis
1676 2747 1984 2823 remanserant,
2025 2724 2071 2809 in

684 2843 959 2937 venustiorem
988 2841 1160 2926 formam
1188 2863 1287 2926 sunt
1310 2836 1488 2923 redacti.
1524 2841 1573 2921 ln
1602 2839 1849 2953 praefatione
1881 2868 1980 2929 vero
2014 2841 2081 2927 ad·

684 2995 840 3070 sacram
859 2963 1028 3049 Rituum
1044 2954 1415 3076 Congregationem
1431 2955 1707 3056 Correctores,
1717 2988 1898 3073 quorum
1914 2957 2083 3045 nullum·

688 3088 734 3173 in
755 3110 838 3171 toto
866 3109 984 3197 opere
1001 3105 1165 3198 apparet
1193 3103 1375 3174 nomen,
1408 3074 1579 3161 intactos
1599 3103 1639 3160 ae
1656 3076 1857 3193 reliquisse
1883 3076 2076 3193 profiten-

685 3228 756 3293 tur
777 3200 975 3315 quosdam
1007 3195 1194 3286 breviarii
1225 3196 1426 3304 hymnos,
1457 3224 1561 3307 quos
1594 3190 1680 3283 Viri
1705 3194 1932 3284 sanctissimi
1946 3192 1983 3282 ti
1997 3224 2077 3283 aon

688 3319 800 3412 certis
829 3316 911 3402 illos
922 3315 1110 3432 pedihus,
1140 3313 1326 3428 aliquibus
1357 3331 1485 3396 tamen
1514 3309 1644 3397 incisis
1652 3315 1792 3429 partiti
1803 3378 1819 3417 ,
1848 3314 2006 3403 auribus
2020 3313 2078 3399 in·

688 3442 889 3559 dirigentes
905 3497 918 3536 ,
936 3436 1103 3521 oratione
1120 3433 1197 3515 nou¹
1213 3424 1371 3514 omnino
1384 3430 1507 3515 soluta
1534 3426 1794 3543 scripserurrt3
1815 3432 1960 3547 quales
1976 3454 2079 3519 sunt

690 3556 837 3674 hymni
866 3551 910 3638 S.
927 3554 1105 3639 Thomae
1118 3550 1160 3633 in
1178 3548 1279 3634 festo
1293 3547 1376 3632 sni
1393 3546 1593 3665 Corporis
1607 3546 1787 3651 Christi,
1802 3574 1843 3637 et
1874 3552 2078 3662 hymnuse

693 3682 778 3768 Aue
794 3671 925 3763 Maris
939 3672 1075 3759 stella.
1105 3667 1309 3753 Addunt:
1325 3666 1500 3783 Hymni,
1530 3694 1623 3783 quar
1656 3667 1909 3771 Ambrosius,
1939 3669 2081 3787 Grego-

696 3798 808 3894 rius,
843 3790 1099 3891 Prudentius,
1131 3785 1334 3882 Sedulius,
1350 3786 1618 3884 fortunatus,
1634 3783 1773 3902 aliique
1791 3816 1927 3905 poettu
1941 3785 2082 3905 magni

697 3908 862 4000 nominis
876 3910 1073 3995 ediderunt
1090 3968 1124 3992 ..
1141 3967 1152 3990 .
1171 3904 1362 4021 siquando
1374 3904 1493 4039 legem
1510 3902 1737 4007 latinitatis,
1762 3925 1801 3993 et
1813 3904 1994 3991 cauninis
2010 3934 2083 3991 ne·

699 4033 934 4155 glexerunt,
967 4055 1080 4143 quam
1105 4022 1264 4109 minima
1288 4041 1496 4107 mutatrane
1513 4022 1679 4137 syllabae
1697 4042 1926 4116 revocantur
1946 4026 2000 4110 ad
2024 4024 2085 4110 ir·

699 4179 824 4272 gem.
855 4149 902 4229 ln
919 4144 1054 4231 ceteris
1086 4139 1251 4256 hymnis
1284 4136 1526 4256 castigandis
1543 4140 1757 4227 severiores
1787 4142 1965 4231 sciuisse
1998 4169 2084 4230 non

707 4265 961 4363 diffitentur,
984 4261 1054 4347 sed
1074 4321 1089 4360 ,
1112 4288 1157 4346 ut
1173 4258 1290 4373 ajunt
1306 4293 1316 4341 ι
1334 4260 1378 4343 ln
1393 4254 1565 4343 omnihus
1577 4255 1704 4345 relicta
1721 4290 1811 4349 sunt
1824 4264 1971 4363 multa,
1990 4287 2087 4378 quae

697 4384 793 4505 fieri
805 4378 959 4471 meliora
977 4377 1220 4498 paruissent.
1246 4380 1403 4466 Praeter
1427 4374 1526 4466 alios
1540 4405 1692 4466 errores
1723 4410 1883 4475 summa
1897 4380 2090 4472 falsatum

712 4547 715 4551 ·
1441 4523 1443 4530 ’
1968 4495 2091 4609 sylla-

718 4706 865 4801 Rituum
881 4704 1266 4801 Congregttion’s‚quo
1285 4703 1374 4778 teci·
1433 4717 1485 4774 est
1520 4704 1660 4775 credere
1696 4754 1708 4787 ,
1745 4699 1950 4777 Grancoltm
1985 4697 2093 4772 vetb'e

712 4804 804 4879 tatio
820 4808 1027 4897 hymnorum
1046 4821 1280 4877 correctorum
1298 4825 1376 4897 per·
1431 4804 1652 4900 praefationis
1680 4803 1832 4873 Decreto
1858 4793 2053 4889 affluxisse!
2076 4797 2087 4892 'J

716 4900 881 4979 mittitur,
896 4904 954 4971 sed
971 4899 1041 4980 illa,
1059 4918 1117 4973 tut
1131 4902 1253 4975 similia
1270 4904 1375 4976 verbs
1488 4909 1543 4991 (ι)
1570 4902 1625 4971 Ad
1639 4900 1786 4970 Gavant.
1798 4912 1923 4992 parta.
1948 4895 2041 4967 Sect.
2059 4895 2092 4981 ς’.
2111 4896 2118 4911 ’

718 4996 1123 5094 nonexptiutuaturtrln
1142 5024 1374 5099 nonaequum
1433 5007 1701 5097 etp.6.num.5.
1878 5019 1886 5036 ·
2062 4989 2086 5006 '⁴
