5084 6234
928 851 1582 950 EC'CLEslnsTlcls
1872 894 1952 980 173

573 1000 675 1117 quod
702 1005 754 1089 trd
766 1015 922 1087 canerem
936 1026 1080 1114 spector
1092 1063 1107 1102 ,
1118 1004 1309 1121 ‘dymnum
1327 1003 1536 1120 -eomposus'
1555 1063 1568 1099 ‚
1598 1002 1711 1089 metti
1724 1003 1957 1123 negligens,

572 1140 617 1210 ut
630 1120 757 1207 sensui
770 1152 846 1205 non
863 1124 1053 1205 deessem.
1080 1122 1144 1204 En
1176 1122 1444 1238 objectionem
1474 1152 1523 1207 ex
1539 1126 1578 1207 S.
1599 1123 1792 1207 Bernardi
1823 1125 1957 1213 verbis

573 1236 737 1353 petitam
758 1299 768 1321 .
800 1238 920 1352 Quid
936 1266 1030 1352 ergo
1044 1237 1126 1326 erit.
1137 1240 1501 1356 respondendum?
1535 1239 1672 1324 facilis
1688 1243 1955 1358 expeditaque

574 1381 631 1439 est
651 1356 885 1473 responsio,
917 1357 988 1443 sed
1018 1387 1143 1468 quam
1172 1360 1241 1448 vix
1259 1358 1449 1443 auderem
1475 1360 1517 1443 in
1549 1356 1728 1443 medium
1747 1360 1960 1471 prosette,

574 1472 653 1561 nisi
674 1478 860 1564 haberem
878 1540 891 1577 ,
909 1504 1031 1589 quem
1055 1505 1244 1588 sequerer
1259 1541 1287 1578 ,‚
1323 1476 1469 1562 ducem
1504 1475 1704 1564 Carolum
1725 1476 1961 1588 Guyetum,

573 1592 693 1705 eujus
722 1595 767 1678 in
783 1599 903 1682 rebus
927 1594 1119 1707 liturgicis
1136 1596 1436 1685 celeberrimum
1462 1622 1520 1684 est
1535 1626 1716 1695 nomen,
1749 1626 1957 1709 quemque

574 1709 678 1795 adeo
696 1712 936 1798 Benedictus
953 1714 1137 1817 Pontifex
1166 1713 1278 1801 lllV.
1297 1713 1371 1828 (1)
1386 1742 1508 1802 vocat
1535 1717 1715 1814 doctum,
1744 1718 1884 1829 piures,
1919 1739 1960 1803 et

572 1829 762 1916 eruditum
784 1892 795 1914 .
822 1831 860 1917 ls
877 1832 999 1946 igitur
1015 1830 1089 1945 (α)
1106 1833 1169 1918 his
1182 1833 1314 1922 verbis
1333 1832 1553 1943 alloquitur
1569 1834 1959 1947 objicientesancto·

575 1945 731 2036 ritatem
747 1953 787 2036 S.
808 1950 1004 2037 Bernatdi
1023 1979 1035 2035 e
1051 1955 1186 2067 Neque
1215 1950 1257 2036 its
1282 1952 1468 2038 Bertmrdt'
1491 1954 1614 2038 seculo
1638 1984 1798 2053 sumus,
1825 1982 1960 2042 utnon

574 2066 729 2172 cultiora
756 2070 797 2155 in
813 2071 886 2156 ltoc
897 2100 1036 2190 genere
1051 2071 1291 2188 exiguntur,
1319 2100 1438 2189 neque
1467 2099 1509 2154 ru
1527 2072 1744 2156 Bernnrdus
1755 2101 1819 2167 es,
1834 2074 1957 2187 ”cujus

575 2183 710 2302 scripte
726 2186 768 2272 itt
784 2219 1015 2305 quocumque
1031 2192 1154 2275 seculo
1176 2191 1412 2304 probentur,
1436 2217 1506 2272 nec
1536 2188 1742 2302 sidereique
1765 2191 1959 2308 adipsum

575 2303 634 2400 uel
642 2309 777 2419 procul
789 2310 976 2407 accedas,
998 2307 1080 2391 ideo
1097 2327 1142 2392 ut
1158 2307 1289 2391 sensui
1302 2337 1378 2393 non
1395 2305 1520 2407 desis,
1544 2307 1658 2390 metri
1671 2306 1871 2423 negligens
1880 2340 1960 2396 esse

575 2421 714 2521 (lebes,
736 2425 803 2540 qui
819 2425 966 2540 utrique
980 2424 1084 2511 vales
1100 2427 1321 2511 consulere.
1927 2466 1930 2472 ·

543 2593 547 2598 -
618 2595 621 2601 -
644 2570 740 2655 197·
769 2545 914 2659 Quare
930 2573 1024 2628 cum
1041 2545 1289 2659 possit-idem
1303 2574 1443 2631 sensus
1457 2543 1698 2645 carmine,ac
1720 2543 1959 2660 plerumque

575 2656 780 2765 vividius,
811 2688 850 2750 et
878 2662 1028 2749 cultius
1043 2664 1243 2779 exprimi,
1278 2689 1437 2752 tantum
1457 2665 1596 2764 abest,
1621 2688 1668 2750 ut
1699 2661 1760 2748 lex
1775 2665 1890 2749 metri
1908 2664 1961 2751 sit

465 2783 469 2788 ’
575 2778 812 2895 negligenda
826 2806 897 2882 ,ut
911 2780 1031 2869 etiam
1048 2783 1101 2867 ad
1115 2785 1299 2872 eundem.
1315 2812 1478 2872 sensum
1494 2781 1633 2867 melius
1649 2782 1962 2896 exprimendum

573 2893 624 2983 sit
642 2903 880 3014 usurpanda
900 2962 910 2981 .
942 2900 1042 3013 Quo
1059 2928 1210 3018 spectat
1226 2905 1358 3005 ratio,
1383 2933 1508 3014 quam
1524 2905 1564 2987 S.
1586 2901 1820 2986 Bernartius
1840 2901 1883 2985 in
1898 2931 1961 2986 ea·

576 3013 666 3101 dem
685 3018 851 3133 epistola
874 3018 1003 3134 attigit
1026 3052 1037 3104 ε
1066 3022 1231 3130 Quodsi
1254 3050 1352 3107 noua
1367 3019 1499 3106 audire
1513 3020 1629 3117 libet,
1646 3046 1684 3101 et
1698 3049 1813 3104 causo
1831 3017 1967 3133 requi-.

572 3131 651 3236 stit}
682 3164 726 3219 eet
744 3155 788 3220 ut
802 3137 889 3224 dixi
913 3138 1123 3252 recipiendo
1139 3140 1376 3241 censuerim,
1406 3167 1503 3253 quae
1518 3137 1690 3225 cordibus
1717 3137 1957 3231 audientium

576 3249 708 3363 QUO.
719 3255 1037 3359 GRATlOllA,
1058 3288 1101 3344 eo
1121 3258 1270 3345 utiliora
1286 3262 1419 3361 reddetr
1432 3283 1470 3340 ee
1482 3254 1620 3371 eloquii
1631 3254 1800 3375 dignitus
1813 3320 1826 3357 ,
1840 3283 1878 3341 ee
1891 3287 1962 3342 uu·

574 3370 710 3458 cteris.
747 3377 857 3461 Nam
877 3403 971 3462 cum
989 3377 1165 3494 gratiora
1185 3378 1297 3480 sint,
1327 3409 1430 3495 quae
1459 3376 1642 3463 versibus
1657 3372 1837 3491 legitimis
1856 3403 1968 3459 con-2

571 3486 785 3596 sinentur,
821 3524 946 3610 quam
980 3525 1085 3610 quae
1117 3498 1402 3598 discordibus,
1433 3525 1473 3584 et
1504 3493 1762 3590 inconditis,
1795 3516 1965 3607 oportet·

575 3610 778 3715 omnino,
807 3641 854 3701 ut
884 3616 927 3699 in
946 3615 1208 3717 hoc-seculo,
1239 3644 1324 3728 quo
1341 3615 1424 3700 fieri
1444 3640 1572 3729 potest
1603 3609 1844 3708 commode,
1877 3606 1969 3722 hy..

573 3757 704 3829 mnus
716 3732 769 3818 ad
787 3733 902 3817 metri
919 3733 1075 3843 regulas
1092 3733 1278 3847 exigatur
1295 3794 1306 3816 .
1341 3734 1394 3817 Ut
1419 3731 1460 3815 in
1466 3729 1613 3845 fidibus
1634 3729 1861 3812 musicorum
1877 3759 1965 3812 uu«

573 3852 672 3983 res(
688 3852 807 3964 quod
825 3851 880 3937 ait
913 3836 1061 3937 Cicero
1088 3850 1130 3931 in
1156 3850 1224 3939 lib.
1242 3850 1292 3934 de
1308 3847 1452 3935 officiis
1468 3850 1489 3961 )
1506 3848 1566 3933 uel
1581 3845 1739 3931 minimo
1753 3845 1966 3949 sentiunt,¹
2046 3925 2049 3929 .
2067 3872 2072 3886 ·

573 3987 629 4052 ua'
645 3970 955 4062 incarminibus
971 3992 1111 4086 poetae
1130 4033 1146 4071 ,
1176 3968 1404 4084 eruditique
1421 3967 1567 4056 vitium
1584 3962 1788 4079 quodvis,
1822 3966 1954 4050 ac'di·.

575 4091 842 4200 screpantiam
859 4090 1116 4208 percipiunt,
1149 4092 1201 4177 ab
1218 4086 1586 4203 eaqne'abhorrent
1606 4148 1633 4185 ,.
1651 4084 1720 4170 cui
1751 4082 1857 4170 malo
1875 4112 1950 4194 oc·

576 4207 828 4296 currendum
852 4239 939 4311 est,
972 4207 1152 4296 adhibita
1179 4208 1292 4294 metri
1319 4206 1352 4293 le
1380 4238 1430 4307 e,-
1452 4235 1504 4291 ac
1519 4277 1523 4286 .
1537 4231 1724 4291 mensura
1745 4264 1767 4285 .‚
1786 4200 1833 4289 Si
1848 4203 1966 4296 eruiuss¹

569 4349 766 4521 geminum
780 4329 1114 4441 pretiosissimam,
1146 4327 1201 4413 ait
1225 4329 1426 4413 Ferrertus
1444 4323 1488 4407 in
1505 4322 1754 4440 praefatione
1773 4322 1825 4403 ad
1857 4350 1954 4408 suos

603 4469 778 4551 ymnos,
811 4477 905 4529 auro
922 4449 1089 4532 ualemus
1103 4447 1274 4532 claudere
1291 4509 1305 4546 ,
1322 4474 1391 4532 cur
1402 4443 1556 4559 plumbo
1574 4507 1587 4541 ,
1617 4471 1688 4530 eur
1708 4439 1922 4524 aurichalco
1938 4453 1962 4540 3.

572 4583 644 4640 anr
656 4559 732 4646 aiio
746 4556 936 4672 inferioris
952 4562 1093 4652 metalli
1098 4569 1241 4683 genere
1257 4559 1603 4648 circumdniimut‘l
1616 4560 1685 4644 An
1703 4556 1757 4639 ad
1778 4554 1851 4641 Dei
1868 4553 1953 4640 lau·

574 4672 644 4772 des
655 4679 931 4771 concinendas
948 4682 1080 4795 inepta
1100 4669 1173 4770 erit
1191 4680 1359 4797 poesis‘i
1389 4710 1443 4764 an
1461 4677 1644 4774 decebit,
1666 4687 1753 4760 eam
1771 4672 1875 4762 circe
1893 4702 1955 4762 res

574 4789 782 4906 ludricas,
812 4801 1025 4896 autetiam
1043 4798 1302 4889 noxiusuis
1324 4794 1710 4919 legibusptoceclere
1726 4854 1760 4895 ,,
1773 4791 1962 4920 intubus

464 5029 469 5039 ·
602 5002 616 5078 l
622 5003 656 5078 ¹)
686 5004 739 5078 De
756 5005 850 5076 Serv.
873 5008 937 5080 Dei
956 5008 1079 5090 uetur.
1095 5025 1128 5078 et
1145 5008 1237 5079 Can.
1334 5010 1391 5099 (κ)
1421 5002 1486 5075 loc.
1502 4999 1562 5096 cit.
1577 4967 1753 5098 quaestu.

575 5088 1139 5199 llb04·l)²rt·2·cap·so'.nunuzo.
1175 5119 1191 5134 ¹·
1280 5121 1322 5161 ·“.
1373 5101 1429 5158 V·
1572 5117 1641 5143 νυ
1766 5108 1824 5133 ·---·

2007 5095 2020 5134 ⁴

1943 5223 1945 5227 .
2143 5239 2255 5284 ΙΙ,
