5084 6234
883 835 1533 936 scetnsrtsrrcts
1815 849 1913 965 my

506 992 632 1084 tuisse
650 990 825 1090 fate'tur',
852 989 1027 1106 Epistq.
1049 1018 1170 1073 usum
1188 991 1438 1105 hymnorum
1458 986 1782 1102 rhythmicorum
1799 1015 1906 1077 tam-

509 1136 636 1228 quam
653 1110 793 1199 seculis
812 1109 988 1196 barbaris
1003 1135 1168 1209 ortum,
1193 1134 1231 1195 et
1244 1135 1514 1227 propagatum
1531 1108 1729 1226 exagitat,
1744 1138 1785 1202 et
1799 1105 1912 1199 abo·'

509 1232 679 1318 lendum
701 1252 860 1314 censet.
1834 1293 1841 1304 ,
1867 1278 1901 1320 „y

508 1397 515 1414 ·
569 1378 667 1464 2¹4·
702 1349 789 1463 Ego
807 1344 908 1461 quid
925 1346 1385 1448 sententiam,enucleate
1403 1346 1615 1466 expediam
1632 1407 1644 1431 .
1661 1347 1910 1466 Exemplum
1929 1391 1931 1396 ·

505 1468 857 1585 therapeutarum
878 1464 1168 1553 defensoribus
1184 1470 1474 1580 rhythmorum
1502 1466 1604 1552 nihil
1617 1465 1793 1584 prodest,
1807 1497 1906 1558 cum

504 1586 562 1712 ihi
581 1591 758 1701 hymnos
783 1583 921 1701 lingua
939 1647 952 1685 ‚
970 1611 1017 1671 ut
1049 1585 1157 1671 credi
1184 1614 1313 1704 potest
1331 1587 1550 1689 hebraica,
1583 1586 1651 1673 cui
1687 1587 1905 1697 rhythmus

504 1710 610 1799 bene
624 1704 836 1818 congruit,
865 1703 1160 1805 decantarent,
1185 1734 1318 1820 neque
1334 1733 1469 1793 tamen
1485 1735 1618 1791 omnes
1636 1734 1704 1791 eos
1719 1705 1900 1816 hymnos
1919 1779 1921 1783 ,

504 1826 626 1913 fuisse
656 1822 905 1931 rhythmicos
935 1823 1049 1907 Philo
1064 1851 1377 1912 commemorat.
1398 1825 1587 1938 Denique
1623 1822 1827 1911 neminem
1845 1854 1907 1919 ert·

503 1944 679 2044 Latinis,
690 1967 764 2028 aut
780 1936 946 2026 Graecis
969 1941 1152 2052 antiquis
1169 1943 1340 2061 reperies
1359 2006 1373 2045 ,
1389 1944 1462 2056 qui
1479 1943 1731 2032 vocabulum
1747 1945 1903 2059 Rhyth-

504 2092 591 2150 mus
613 2092 690 2181 pro
708 2060 894 2151 versibus
928 2060 1149 2174 Laeuinus,
1179 2086 1249 2149 aut
1278 2063 1459 2149 similiter
1476 2061 1757 2151 desinentibus
1790 2091 1901 2158 acceo.

507 2179 610 2298 petit
641 2178 924 2268 ..Franciscus
963 2179 1132 2294 quidem
1162 2182 1376 2268 Petrarcha
1410 2183 1520 2267 hanc
1561 2173 1902 2300 significationem

505 2297 691 2396 admisit,
724 2325 886 2411 remque
905 2297 990 2412 ipsa
1008 2299 1331 2414 antiquissimam
1353 2300 1573 2385 arbitratus
1591 2325 1675 2387 est.
1702 2302 1820 2410 Quod
1829 2333 1899 2421 gea
1931 2354 1937 2366 .

502 2447 575 2501 nus
587 2417 791 2534 (loquitur
811 2416 860 2501 de
877 2417 959 2502 suis
976 2416 1226 2508 carminibus
1242 2415 1438 2505 hetruscis
1451 2415 1495 2501 tit
1509 2414 1733 2530 Prneyhrud
1745 2420 1902 2537 Epist.)

505 2539 615 2651 apud
628 2534 806 2638 Siculos,
835 2553 880 2622 ut
903 2532 1016 2647 sumu
1051 2559 1140 2640 cst,
1170 2567 1248 2622 non
1275 2536 1409 2622 multis
1440 2554 1532 2621 unte
1558 2536 1692 2623 seculis
1720 2565 1903 2641 renatum

500 2653 603 2741 trevi
610 2684 683 2771 per
696 2684 843 2741 omnem
864 2652 1015 2741 Italiam
1034 2716 1049 2756 ,
1071 2687 1119 2743 nc
1142 2654 1296 2774 longius
1311 2655 1517 2756 manauit,
1547 2658 1653 2773 opud
1667 2657 1903 2770 Graecorum

497 2767 618 2875 otim,
649 2805 698 2860 nc
712 2775 936 2862 latinorum
953 2776 1232 2861 vetustissimas
1265 2778 1526 2878 celebratum,
1557 2773 1742 2891 siquidem
1760 2794 1801 2861 et
1818 2777 1903 2868 Ru-

499 2917 637 2979 mnnos
654 2895 833 3013 vulgares
850 2893 1058 3011 rhythmico
1081 2914 1230 2983 tuntum
1249 2893 1418 2984 carmine
1432 2894 1491 2979 uri
1514 2895 1643 2981 solitos
1653 2893 1902 3012 accepimus.

502 3005 704 3098 Ceterum
732 3041 875 3129 graeca
903 3041 985 3101 vox
1015 3017 1222 3131 Rhythmos
1254 3015 1356 3098 nihil
1377 3012 1488 3096 aliud
1510 3012 1783 3129 praesefert,
1817 3019 1899 3106 nisi

499 3130 818 3217 concinnitatem
837 3195 852 3233 ,
881 3152 920 3215 et
937 3132 1052 3244 quod
1068 3156 1176 3218 certa
1195 3131 1352 3219 ratione
1371 3194 1385 3231 ‚
1418 3160 1465 3216 ac
1488 3132 1618 3236 ,modo
1635 3130 1709 3216 fit.
1744 3134 1785 3219 S.
1803 3132 1902 3223 Au-

498 3248 687 3365 gustinus
718 3254 765 3335 de
787 3250 930 3336 musica
948 3247 1012 3335 lih.
1020 3277 1058 3363 5.
1078 3281 1207 3367 capu.
1224 3250 1336 3365 Quid
1359 3249 1413 3338 sit
1429 3279 1560 3336 versut
1572 3314 1587 3353 ,
1605 3249 1775 3364 inquit,
1795 3252 1903 3344 irater
1929 3331 1931 3335 .

499 3369 631 3455 doctos
646 3396 787 3457 ueteres
816 3401 892 3455 non
917 3400 1040 3484 pomo
1072 3371 1281 3459 luctatione
1310 3366 1524 3487 quaesitum
1555 3398 1640 3471 esr;
1662 3366 1899 3480 necsructus

496 3482 617 3597 defitit
636 3550 648 3571 .
668 3549 678 3569 .
702 3552 712 3574 .
749 3490 931 3575 Interesse
945 3487 1071 3604 igitur
1083 3490 1436 3577 animaduerterunt
1468 3488 1569 3574 inter
1583 3488 1833 3603 rhythmum,
1856 3521 1898 3579 et

497 3632 656 3695 merrtem
675 3608 849 3726 aliquid,
882 3637 1049 3692 utornne
1074 3631 1237 3693 metrum
1269 3611 1497 3723 rhythmus,
1527 3637 1604 3692 uon
1638 3604 1895 3700 etinm'omnt's

496 3721 693 3845 (hythmus
709 3755 868 3814 metrum
886 3728 940 3812 sit
960 3787 969 3808 .
1006 3728 1068 3812 Ex
1086 3728 1229 3812 eodem
1245 3724 1481 3840 Augustino
1496 3726 1535 3807 S.
1552 3724 1728 3809 lsidorus
1744 3726 1902 3843 Hispa*

494 3836 611 3940 lensis
626 3847 756 3935 tihr.
773 3847 872 3966 orig.
891 3845 1051 3961 snp.38.
1070 3843 1176 3931 Huic
1195 3842 1368 3962 [versui]
1386 3843 1565 3928 adhereret
1578 3843 1802 3959 rhythmus,
1825 3844 1895 3966 qui

494 3990 572 4058 (ton
589 3988 650 4053 est
663 3993 764 4055 certo
793 3966 869 4059 hue
897 3965 1147 4052 moderatus:
1173 3968 1241 4050 sed
1253 3982 1383 4050 tumen
1412 3959 1691 4048 rationabiliter
1705 3961 1894 4054 utinens-

486 4082 650 4196 pedihus
681 4085 829 4187 currit;
856 4086 924 4200 qui
967 4084 1084 4171 brine
1113 4082 1209 4171 nihii
1250 4082 1390 4182 uliud,
1420 4112 1538 4196 quom
1564 4109 1746 4167 numerus
1784 4082 1893 4187 dici-3·

492 4217 587 4303 tur,
619 4208 753 4323 dequo
767 4204 952 4303 estillud,
977 4206 1171 4289 Numeros
1186 4201 1346 4288 memini
1357 4263 1371 4302 ,
1386 4199 1422 4285 ti
1434 4203 1546 4286 verbu
1561 4225 1725 4285 tenerem
1744 4264 1754 4288 .
1775 4201 1887 4292 Ven.

490 4316 599 4407 Beda
636 4386 650 4426 ,
695 4325 768 4440 qui
820 4323 956 4411 seculo
986 4324 1026 4408 8.
1064 4323 1260 4411 scribebat
1297 4382 1311 4421 ,
1345 4320 1615 4431 ‚Rhythmum
1668 4349 1743 4435 pro
1793 4315 1894 4409 ver·¹

490 4448 544 4527 ου’
573 4471 622 4556 ert
655 4470 763 4530 certo
780 4443 1025 4551 syllabarum
1059 4471 1259 4543 numero,
1282 4438 1375 4525 ¹sine
1405 4437 1619 4538 brevium,
1644 4436 1883 4553 longarum-

490 4586 571 4671 que
603 4560 835 4647 discrimine
877 4562 1100 4678 composito
1142 4558 1303 4650 videtur
1336 4558 1531 4674 accepisse
1566 4553 1640 4668 (1)
1672 4615 1682 4635 .
1720 4555 1889 4645 Videtur

494 4698 624 4764 eutem
641 4684 838 4798 rhythmus
855 4679 965 4763 metri
979 4710 1058 4786 esse
1075 4676 1306 4780 consimilis,
1341 4707 1438 4792 quae
1469 4695 1524 4758 est
1538 4675 1731 4756 verborum
1746 4675 1889 4772 modu·
1932 4713 1934 4722 ·

492 4793 573 4885 hta
603 4797 822 4918 compositio
850 4827 926 4883 neu
942 4798 1096 4886 metrico
1112 4799 1259 4886 ratione
1281 4859 1295 4899 ,
1317 4798 1386 4881 sed
1414 4818 1572 4879 nurnero
1588 4789 1816 4905 syllabarum
1831 4794 1893 4896 ut!¹

540 5059 593 5152 (t)
622 5057 678 5132 De
694 5058 782 5159 ¹Arte
799 5057 941 5135 metrica
959 5106 970 5130 .
