5084 6234
687 849 776 927 Μ
1070 820 1642 904 'DEHYMNIS

683 991 741 1050 no
777 959 930 1048 circiter
968 985 1092 1073 1390.
1131 956 1174 1040 in
1204 958 1546 1044 consuetudinem
1581 958 1732 1048 uenisse
1767 970 1905 1049 narrat
1931 959 2077 1047 Oudid

581 1182 589 1194 ,
669 1080 873 1195 ⁴nus(1).

743 1230 841 1314 242.
879 1196 936 1281 Ex
975 1192 1138 1301 hymni-s
1170 1191 1406 1307 hujusmodi
1439 1196 1861 1283 Latino-Germanicis
1890 1225 2069 1313 quatuor

708 1325 751 1404 ro
768 1315 981 1402 Nativitate
1018 1310 1185 1395 Domini
1204 1341 1226 1395 a
1244 1313 1486 1398 Lutheranis
1518 1316 1743 1402 conservati
1763 1341 1888 1417 sunt,
1914 1318 1985 1430 qui
2003 1348 2070 1402 au·

678 1463 829 1523 ctorem
854 1434 1007 1517 habent
1038 1431 1202 1515 Petrum
1237 1432 1526 1534 Dresdensem‚
1559 1460 1606 1519 ut
1624 1433 1741 1519 refert
1767 1435 1986 1550 Placcius(
2014 1434 2068 1547 ).

678 1556 787 1639 Idem
816 1581 924 1637 num.
963 1578 1085 1664 1922.
1115 1547 1373 1649 tradiderat,
1404 1550 1537 1667 plures
1567 1553 1743 1664 hymnos
1766 1554 2070 1640 Germanicosa

545 1700 551 1705 ’
672 1675 852 1759 Luthero
886 1670 1006 1755 fuisse
1024 1667 1287 1783 compositos.
1316 1667 1530 1757 Tractatus
1555 1671 1775 1756 ediderunt
1810 1672 1859 1755 de
1877 1671 2070 1759 recenti0⁴

674 1822 768 1878 rusn
789 1788 1043 1878 'cantionum
1069 1785 1406 1872 Germanicarum
1434 1819 1536 1889 usu,
1558 1816 1597 1878 et
1613 1788 1850 1877 auctoribus
1868 1789 2068 1923 Georgius

675 1910 870 2000 Goetzius
898 1969 911 2008 ,
942 1908 1147 2002 lohannes
1179 1908 1263 1988 Ben
1309 1904 1597 2109 Carpzovius,
1628 1905 1830 2022 Georgius
1863 1910 2066 1995 Henncus

673 2028 875 2125 Goezius,
904 2024 1119 2140 praecipue
1144 2024 1351 2119 lohannes
1427 2023 1709 2142 hristophorus
1727 2025 1912 2111 Olearius
1930 2024 1972 2109 in
1992 2028 2065 2111 Bi-

673 2148 852 2234 bliotheca
870 2146 1233 2260 Hymnopoeorurn,
1251 2140 1451 2256 Georgius
1463 2236 1465 2239 .
1476 2145 1666 2261 Serpilius
1682 2143 1907 2228 Godfridus
1924 2144 2065 2229 Ludo·

669 2264 749 2356 vici
778 2263 826 2349 de
858 2261 1025 2379 Hpmnis
1040 2322 1053 2361 ,
1087 2292 1120 2347 es
1152 2260 1412 2377 Hymnopoeis
1442 2262 1741 2377 Hennehergicis
1774 2291 1867 2347 curn
1890 2264 2061 2357 loannis

664 2382 848 2478 Averani
866 2382 919 2468 ad
934 2409 1029 2465 eum
1045 2377 1220 2496 Epistola
1235 2377 1305 2494 (rr)
1326 2440 1336 2461 .
1362 2379 1601 2468 Promiserat
1627 2379 1750 2465 etiam
1780 2382 1956 2477 loannes
1973 2385 2062 2478 loa·

670 2502 829 2589 chimus
845 2498 1005 2587 Molleri
1025 2497 1184 2583 delicias
1202 2495 1538 2613 hymnologicas,
1558 2524 1595 2585 et
1627 2499 1829 2585 theatrum
1845 2499 2061 2609 hymnolo

692 2619 828 2721 icum;
857 2648 962 2733 quos
977 2644 1119 2701 omnes
1141 2615 1491 2703 auctoresindicat
1517 2621 1695 2714 loannes
1712 2616 1902 2701 Albcrrus
1918 2616 2060 2703 Fabri-

663 2737 750 2823 cius
766 2738 867 2854 (3).
891 2738 998 2819 Inter
1019 2731 1254 2820 Catholicos
1270 2730 1431 2848 viguit,
1454 2734 1640 2850 vigetque
1667 2734 1891 2819 etiamnum
1909 2732 1951 2815 in
1970 2734 2061 2847 qui·

662 2855 837 2945 busdam
868 2851 1102 2969 regionibus
1133 2851 1389 2938 consuetudo
1405 2852 1654 2938 decantandi
1682 2850 1725 2934 in
1742 2850 2054 2939 solemnioribus

658 2971 768 3063 sestis
778 2972 1035 3072 Natiuitatis,
1065 2998 1105 3060 et
1131 2970 1198 3056 SS.
1219 2968 1417 3085 Corporis
1433 2968 1604 3055 Domini
1630 2972 1807 3081 hymnos
1837 2967 2058 3085 vulgares,

662 3114 703 3177 et
719 3088 1223 3206 nonnunquam'jocosos.
1240 3089 1288 3173 ln
1304 3088 1436 3193 Italia,
1455 3114 1574 3204 atque
1594 3090 1696 3175 adeo
1712 3091 1881 3189 Romae,
1898 3087 1997 3171 dum
2013 3088 2057 3171 in

662 3204 953 3299 Tabernaculo
973 3210 1184 3325 reponitur
1199 3210 1536 3311 Sacramentum,
1561 3238 1585 3294 a
1606 3210 1844 3323 Presbytero
1855 3232 1924 3309 ,et
1940 3235 1963 3292 a
1978 3234 2058 3323 po·

688 3409 691 3414 ’
707 3432 764 3519 (1)
781 3428 838 3500 De
855 3426 981 3521 Script.
998 3426 1127 3501 Eccles.
1138 3424 1262 3498 Seculo
1277 3419 1325 3507 δᾴ
1386 3427 1540 3502 cecinisse
1554 3450 1596 3499 err
1609 3447 1733 3520 graeco
1745 3423 1919 3496 Strabonis
1938 3418 2057 3492 isarei·
2079 3402 2081 3404 ’
2220 3518 2227 3534 ι

663 3539 788 3602 tom-s.
806 3527 983 3620 eol.r787.
1384 3533 1496 3621 ηζον.
1513 3523 1547 3595 Si
1564 3522 1769 3597 Cantabrica
1784 3522 1898 3616 lingua
1925 3519 2053 3591 nullam

683 3630 763 3717 ιβ)
792 3624 1264 3722 bibliothrlnonyrnorum,
1289 3637 1325 3695 et
1384 3624 1491 3699 subiit
1518 3623 1769 3703 mutationem,
1797 3635 1856 3702 et,
1876 3640 1943 3713 qua
1960 3638 2056 3690 nuuc-

657 3718 981 3820 Pseudonymorum
994 3723 1238 3813 num-1638et
1250 3744 1322 3815 seq.
1379 3723 1495 3797 utitur
1512 3721 1635 3813 poesi,
1652 3722 1774 3793 eadem
1789 3716 1875 3790 olim
1896 3737 1955 3787 usa
1970 3732 2049 3796 est,

706 3828 757 3912 (a)
770 3822 826 3893 De
839 3822 1027 3896 recentium
1042 3823 1059 3907 J
1065 3824 1250 3899 edaeorum
1262 3822 1323 3915 hy·
1383 3818 1580 3912 exemplum
1598 3842 1759 3892 versuum
1774 3813 1935 3888 extremis
1949 3810 2054 3908 sylla·
2069 3816 2073 3824 ’

655 3916 743 3989 mnis
785 3920 902 3993 confer
939 3921 994 4006 los
1025 3920 1320 4011 christophorum
1380 3919 1433 3993 bis
1445 3918 1701 3992 consonantium
1715 3916 1957 4006 inderepetere
1974 3934 2063 4005 posu

654 4012 860 4106 Wolpb'ium
901 4018 1069 4092 biblioth.
1094 4018 1206 4089 Hebr.
1239 4040 1317 4111 pag.
1380 4020 1604 4091 sumusshoc
1623 4015 1712 4087 enim
1742 4027 1842 4105 pacto
1858 4032 1947 4081 nunc
1977 4032 2052 4082 car·

657 4111 755 4193 1810,
774 4115 890 4185 208.et
906 4139 990 4209 seq„
1009 4118 1052 4188 de
1072 4116 1226 4187 Arabum
1241 4137 1320 4186 cau·
1381 4116 1472 4191 mina
1488 4121 1559 4187 'sua
1575 4128 1724 4207 pangunt
1737 4108 1919 4181 Cantabri
1941 4154 1953 4179 .
1982 4106 2050 4181 see

653 4207 805 4283 tionibus
818 4211 1017 4307 rhythmicis
1030 4214 1064 4285 iu
1077 4213 1246 4286 Moscheis
1262 4211 1320 4285 Pe·
1380 4214 1456 4309 quis
1472 4228 1568 4288 certo
1583 4210 1616 4283 id
1631 4232 1780 4283 asserere
1793 4211 1916 4281 audeat
1934 4226 1951 4289 ,·
1961 4206 2047 4279 anti·

653 4322 745 4382 turm
774 4307 959 4381 Bellunum
994 4309 1053 4385 lib.
1084 4333 1118 4381 a.
1146 4310 1316 4383 observat.
1379 4314 1453 4407 quis
1466 4309 1680 4386 documentis
1695 4306 1829 4398 penitus
1857 4303 2049 4380 deficienti·

653 4409 1025 4506 eep.3a..Antiquam
1059 4407 1316 4481 Cantabrorum
1377 4413 1470 4485 bus?
1496 4410 1552 4482 De
1581 4406 1762 4480 Americae
1791 4398 2043 4501 Hymnisnibil

652 4506 933 4597 consuetudinem
951 4506 1056 4580 refert
1070 4507 1193 4579 Strabo
1213 4505 1313 4595 trba.
1377 4534 1465 4605 opus
1479 4524 1531 4581 est
1545 4506 1663 4581 dicere
1681 4533 1693 4593 3
1721 4530 1796 4579 nam
1824 4504 1956 4583 multa,
1982 4522 2039 4572 ea-

649 4604 1095 4698 p‚165.etit.1>aris.1sso.
1111 4652 1121 4676 .
1143 4603 1318 4678 cantabri·
1379 4632 1445 4703 que
1459 4606 1541 4679 satis
1555 4605 1641 4681 mira
1653 4606 1776 4700 passim
1791 4616 1924 4675 narrant
1936 4616 2054 4689 quaer

652 4720 731 4771 sae
759 4704 943 4777 dementiae
984 4707 1019 4778 id
1044 4726 1175 4804 qusque
1202 4704 1316 4792 fertur
1378 4709 1454 4779 dam
1473 4704 1653 4777 Historiae
1666 4719 1841 4778 recentes.
1879 4745 1881 4750 -

651 4797 863 4893 exemplum,
889 4807 1048 4899 quostiam
1061 4826 1175 4876 esrtsta
1190 4818 1315 4902 raptos,
1425 4808 1481 4899 (3)
1506 4804 1545 4876 ln
1561 4802 1734 4898 bibliogt.
1749 4796 1856 4889 antiq.
1885 4809 2041 4886 cap-ar.

651 4896 877 4972 seiacensem
892 4901 1024 4998 suffixos
1042 4911 1209 4976 Paeanem
1228 4904 1317 4974 ceci·
1377 4929 1471 4981 num.
1492 4922 1552 4997 ¹3·

651 4994 755 5084 tristes
772 4999 870 5095 quod
884 4998 999 5097 potius
1013 4999 1162 5075 dicerem
1174 5000 1317 5095 &muas
