<?xml version="1.0" encoding="UTF-8"?>
<!DOCTYPE html PUBLIC "-//W3C//DTD XHTML 1.0 Transitional//EN"
    "http://www.w3.org/TR/xhtml1/DTD/xhtml1-transitional.dtd">
<html xmlns="http://www.w3.org/1999/xhtml" xml:lang="en" lang="en">
 <head>
  <title>
</title>
<meta http-equiv="Content-Type" content="text/html;charset=utf-8" />
  <meta name='ocr-system' content='tesseract 3.04.00' />
  <meta name='ocr-capabilities' content='ocr_page ocr_carea ocr_par ocr_line ocrx_word'/>
</head>
<body>
  <div class='ocr_page' id='page_1' title='image "./hymnodiahispani00argoog/hymnodiahispani00argoog_0230.png"; bbox 0 0 5084 6234; ppageno 0'>
   <div class='ocr_carea' id='block_1_1' title="bbox 552 788 2074 4628">
    <p class='ocr_par' dir='ltr' id='par_1_1' title="bbox 552 788 2074 4628">
     <span class='ocr_line' id='line_1_1' title="bbox 681 788 1628 898; baseline 0.008 -8"><span class='ocrx_word' id='word_1_1' title='bbox 681 820 767 890; x_wconf 65' lang='grc' dir='ltr'><em>ατο</em></span> <span class='ocrx_word' id='word_1_2' title='bbox 1055 868 1059 876; x_wconf 94' lang='grc'><strong><em>.</em></strong></span> <span class='ocrx_word' id='word_1_3' title='bbox 1095 790 1138 883; x_wconf 89' lang='lat' dir='ltr'>D</span> <span class='ocrx_word' id='word_1_4' title='bbox 1167 788 1203 874; x_wconf 81' lang='grc' dir='ltr'>Ε</span> <span class='ocrx_word' id='word_1_5' title='bbox 1265 792 1305 887; x_wconf 80' lang='lat' dir='ltr'><strong>H</strong></span> <span class='ocrx_word' id='word_1_6' title='bbox 1335 792 1366 877; x_wconf 80' lang='lat' dir='ltr'>Y</span> <span class='ocrx_word' id='word_1_7' title='bbox 1396 789 1445 877; x_wconf 79' lang='grc' dir='ltr'>Μ</span> <span class='ocrx_word' id='word_1_8' title='bbox 1473 789 1520 898; x_wconf 80' lang='grc' dir='ltr'><em>,Ν</em></span> <span class='ocrx_word' id='word_1_9' title='bbox 1548 790 1567 876; x_wconf 88' lang='grc' dir='ltr'>Ῑ</span> <span class='ocrx_word' id='word_1_10' title='bbox 1599 790 1628 879; x_wconf 73' lang='lat'>5</span> 
     </span>
     <span class='ocr_line' id='line_1_2' title="bbox 673 927 2070 1052; baseline -0.001 -27"><span class='ocrx_word' id='word_1_11' title='bbox 673 928 803 1025; x_wconf 80' lang='lat' dir='ltr'><em>mutis</em></span> <span class='ocrx_word' id='word_1_12' title='bbox 817 935 866 1021; x_wconf 81' lang='lat' dir='ltr'><em>afr</em></span> <span class='ocrx_word' id='word_1_13' title='bbox 883 931 972 1024; x_wconf 79' lang='lat' dir='ltr'><em>tint</em></span> <span class='ocrx_word' id='word_1_14' title='bbox 985 928 1099 1018; x_wconf 78' lang='lat' dir='ltr'><em>emis</em></span> <span class='ocrx_word' id='word_1_15' title='bbox 1114 927 1155 1015; x_wconf 89' lang='lat' dir='ltr'><em>in</em></span> <span class='ocrx_word' id='word_1_16' title='bbox 1172 929 1305 1017; x_wconf 78' lang='lat' dir='ltr'><em>Galliis</em></span> <span class='ocrx_word' id='word_1_17' title='bbox 1322 929 1450 1017; x_wconf 83' lang='lat' dir='ltr'><em>editus</em></span> <span class='ocrx_word' id='word_1_18' title='bbox 1467 952 1523 1016; x_wconf 83' lang='lat' dir='ltr'><em>est</em></span> <span class='ocrx_word' id='word_1_19' title='bbox 1538 933 1586 1020; x_wconf 87' lang='lat' dir='ltr'><em>ob</em></span> <span class='ocrx_word' id='word_1_20' title='bbox 1603 932 1794 1052; x_wconf 77' lang='lat' dir='ltr'><em>Episcopo</em></span> <span class='ocrx_word' id='word_1_21' title='bbox 1806 932 1902 1022; x_wconf 79' lang='lat' dir='ltr'><em>liter</em></span> <span class='ocrx_word' id='word_1_22' title='bbox 1918 997 1932 1037; x_wconf 91' lang='lat'><em>,</em></span> <span class='ocrx_word' id='word_1_23' title='bbox 1957 934 2070 1049; x_wconf 74' lang='lat' dir='ltr'><em>cttp&#39;ttt</em></span> 
     </span>
     <span class='ocr_line' id='line_1_3' title="bbox 674 1049 2068 1170; baseline -0.001 -25"><span class='ocrx_word' id='word_1_24' title='bbox 674 1053 825 1168; x_wconf 75' lang='lat' dir='ltr'><em>tramitti</em></span> <span class='ocrx_word' id='word_1_25' title='bbox 834 1084 966 1170; x_wconf 83' lang='lat' dir='ltr'><em>parco,</em></span> <span class='ocrx_word' id='word_1_26' title='bbox 983 1050 1128 1165; x_wconf 82' lang='lat' dir='ltr'><em>dejure</em></span> <span class='ocrx_word' id='word_1_27' title='bbox 1143 1112 1157 1150; x_wconf 91' lang='lat'><em>,</em></span> <span class='ocrx_word' id='word_1_28' title='bbox 1171 1069 1211 1133; x_wconf 83' lang='lat' dir='ltr'><em>et</em></span> <span class='ocrx_word' id='word_1_29' title='bbox 1224 1071 1412 1164; x_wconf 76' lang='lat' dir='ltr'><em>potestate</em></span> <span class='ocrx_word' id='word_1_30' title='bbox 1426 1049 1704 1169; x_wconf 81' lang='lat' dir='ltr'><em>Episcoporum</em></span> <span class='ocrx_word' id='word_1_31' title='bbox 1721 1053 1927 1141; x_wconf 82' lang='lat' dir='ltr'><em>ordinandi</em></span> <span class='ocrx_word' id='word_1_32' title='bbox 1942 1056 2068 1167; x_wconf 80' lang='lat' dir='ltr'><em>officia</em></span> 
     </span>
     <span class='ocr_line' id='line_1_4' title="bbox 675 1168 2068 1289; baseline -0.002 -28"><span class='ocrx_word' id='word_1_33' title='bbox 675 1173 806 1263; x_wconf 81' lang='lat' dir='ltr'><em>divina</em></span> <span class='ocrx_word' id='word_1_34' title='bbox 823 1174 924 1260; x_wconf 81' lang='lat' dir='ltr'><em>intra</em></span> <span class='ocrx_word' id='word_1_35' title='bbox 932 1171 1036 1289; x_wconf 84' lang='lat' dir='ltr'><em>finer</em></span> <span class='ocrx_word' id='word_1_36' title='bbox 1065 1197 1160 1253; x_wconf 84' lang='lat' dir='ltr'><em>sune</em></span> <span class='ocrx_word' id='word_1_37' title='bbox 1177 1168 1355 1256; x_wconf 85' lang='lat' dir='ltr'><em>dioecesis</em></span> <span class='ocrx_word' id='word_1_38' title='bbox 1378 1170 1501 1283; x_wconf 70' lang='lat' dir='ltr'><em>jueta</em></span> <span class='ocrx_word' id='word_1_39' title='bbox 1520 1172 1690 1259; x_wconf 81' lang='lat' dir='ltr'><em>munium</em></span> <span class='ocrx_word' id='word_1_40' title='bbox 1715 1175 1924 1261; x_wconf 80' lang='lat' dir='ltr'><em>seculorum</em></span> <span class='ocrx_word' id='word_1_41' title='bbox 1942 1172 2068 1263; x_wconf 85' lang='lat' dir='ltr'><em>trudi·</em></span> 
     </span>
     <span class='ocr_line' id='line_1_5' title="bbox 676 1290 1985 1404; baseline -0.005 -23"><span class='ocrx_word' id='word_1_42' title='bbox 676 1294 815 1381; x_wconf 83' lang='lat' dir='ltr'><em>tionem</em></span> <span class='ocrx_word' id='word_1_43' title='bbox 832 1326 856 1379; x_wconf 89' lang='lat' dir='ltr'><em>o</em></span> <span class='ocrx_word' id='word_1_44' title='bbox 874 1290 1024 1379; x_wconf 79' lang='lat' dir='ltr'><em>Christo</em></span> <span class='ocrx_word' id='word_1_45' title='bbox 1031 1293 1122 1387; x_wconf 80' lang='lat' dir='ltr'><em>Iesu</em></span> <span class='ocrx_word' id='word_1_46' title='bbox 1149 1290 1202 1371; x_wconf 84' lang='lat' dir='ltr'><em>nd</em></span> <span class='ocrx_word' id='word_1_47' title='bbox 1225 1319 1296 1373; x_wconf 87' lang='lat' dir='ltr'><em>nos</em></span> <span class='ocrx_word' id='word_1_48' title='bbox 1325 1319 1444 1404; x_wconf 86' lang='lat' dir='ltr'><em>usque</em></span> <span class='ocrx_word' id='word_1_49' title='bbox 1474 1290 1771 1379; x_wconf 71' lang='lat' dir='ltr'><em>transmissam.</em></span> <span class='ocrx_word' id='word_1_50' title='bbox 1983 1389 1985 1396; x_wconf 23' lang='lat'><strong>¹</strong></span> 
     </span>
     <span class='ocr_line' id='line_1_6' title="bbox 742 1404 2071 1530; baseline 0.001 -30"><span class='ocrx_word' id='word_1_51' title='bbox 742 1443 841 1530; x_wconf 82' lang='lat'><strong>239.</strong></span> <span class='ocrx_word' id='word_1_52' title='bbox 876 1409 1052 1494; x_wconf 87' lang='lat' dir='ltr'><em>Videtur</em></span> <span class='ocrx_word' id='word_1_53' title='bbox 1074 1404 1139 1490; x_wconf 90' lang='lat' dir='ltr'><em>hic</em></span> <span class='ocrx_word' id='word_1_54' title='bbox 1158 1435 1238 1493; x_wconf 89' lang='lat' dir='ltr'><em>esse</em></span> <span class='ocrx_word' id='word_1_55' title='bbox 1258 1408 1356 1494; x_wconf 90' lang='lat' dir='ltr'><em>liber</em></span> <span class='ocrx_word' id='word_1_56' title='bbox 1375 1408 1478 1493; x_wconf 89' lang='lat' dir='ltr'><em>Petri</em></span> <span class='ocrx_word' id='word_1_57' title='bbox 1495 1410 1665 1509; x_wconf 87' lang='lat' dir='ltr'><em>Joannis</em></span> <span class='ocrx_word' id='word_1_58' title='bbox 1684 1410 1818 1497; x_wconf 87' lang='lat' dir='ltr'><em>Persin</em></span> <span class='ocrx_word' id='word_1_59' title='bbox 1837 1410 1971 1499; x_wconf 81' lang='lat' dir='ltr'><em>seculo</em></span> <span class='ocrx_word' id='word_1_60' title='bbox 1986 1412 2071 1501; x_wconf 84' lang='lat' dir='ltr'><em>ela·-</em></span> 
     </span>
     <span class='ocr_line' id='line_1_7' title="bbox 674 1523 2069 1651; baseline -0.001 -33"><span class='ocrx_word' id='word_1_61' title='bbox 674 1562 749 1651; x_wconf 87' lang='lat' dir='ltr'><em>pso</em></span> <span class='ocrx_word' id='word_1_62' title='bbox 766 1529 957 1648; x_wconf 79' lang='lat' dir='ltr'>Episcopi</span> <span class='ocrx_word' id='word_1_63' title='bbox 988 1530 1028 1611; x_wconf 85' lang='lat' dir='ltr'><em>S.</em></span> <span class='ocrx_word' id='word_1_64' title='bbox 1046 1523 1210 1629; x_wconf 88' lang='lat' dir='ltr'><em>Pontii,</em></span> <span class='ocrx_word' id='word_1_65' title='bbox 1246 1526 1318 1639; x_wconf 90' lang='lat' dir='ltr'><em>qui</em></span> <span class='ocrx_word' id='word_1_66' title='bbox 1335 1524 1468 1618; x_wconf 82' lang='lat' dir='ltr'><em>editus</em></span> <span class='ocrx_word' id='word_1_67' title='bbox 1500 1556 1558 1615; x_wconf 86' lang='lat' dir='ltr'><em>est</em></span> <span class='ocrx_word' id='word_1_68' title='bbox 1580 1529 1665 1613; x_wconf 90' lang='lat' dir='ltr'><em>sine</em></span> <span class='ocrx_word' id='word_1_69' title='bbox 1684 1529 1790 1628; x_wconf 89' lang='lat' dir='ltr'><em>loci,</em></span> <span class='ocrx_word' id='word_1_70' title='bbox 1826 1531 1974 1618; x_wconf 85' lang='lat' dir='ltr'><em>annive</em></span> <span class='ocrx_word' id='word_1_71' title='bbox 1994 1531 2069 1616; x_wconf 85' lang='lat' dir='ltr'><em>de-</em></span> 
     </span>
     <span class='ocr_line' id='line_1_8' title="bbox 648 1641 2068 1769; baseline -0.004 -30"><span class='ocrx_word' id='word_1_72' title='bbox 648 1652 901 1769; x_wconf 56' lang='lat' dir='ltr'><em>xsignatione</em></span> <span class='ocrx_word' id='word_1_73' title='bbox 933 1650 1010 1733; x_wconf 90' lang='lat' dir='ltr'><em>hoc</em></span> <span class='ocrx_word' id='word_1_74' title='bbox 1028 1641 1144 1734; x_wconf 90' lang='lat' dir='ltr'><em>titulo</em></span> <span class='ocrx_word' id='word_1_75' title='bbox 1163 1671 1174 1725; x_wconf 73' lang='grc' dir='ltr'><strong><em>ε</em></strong></span> <span class='ocrx_word' id='word_1_76' title='bbox 1194 1649 1262 1734; x_wconf 88' lang='lat' dir='ltr'><em>Du</em></span> <span class='ocrx_word' id='word_1_77' title='bbox 1277 1645 1405 1748; x_wconf 82' lang='lat' dir='ltr'><em>droit,</em></span> <span class='ocrx_word' id='word_1_78' title='bbox 1430 1649 1520 1732; x_wconf 85' lang='lat' dir='ltr'><em>edu</em></span> <span class='ocrx_word' id='word_1_79' title='bbox 1537 1648 1701 1765; x_wconf 86' lang='lat' dir='ltr'><em>pouttoir</em></span> <span class='ocrx_word' id='word_1_80' title='bbox 1731 1650 1796 1731; x_wconf 86' lang='lat' dir='ltr'><em>des</em></span> <span class='ocrx_word' id='word_1_81' title='bbox 1811 1651 1993 1765; x_wconf 69' lang='lat' dir='ltr'><em>Endqnes</em></span> <span class='ocrx_word' id='word_1_82' title='bbox 2018 1652 2068 1734; x_wconf 83' lang='lat' dir='ltr'><em>de</em></span> 
     </span>
     <span class='ocr_line' id='line_1_9' title="bbox 672 1765 2070 1890; baseline 0 -36"><span class='ocrx_word' id='word_1_83' title='bbox 672 1773 799 1890; x_wconf 78' lang='lat' dir='ltr'><em>regttr</em></span> <span class='ocrx_word' id='word_1_84' title='bbox 815 1769 869 1856; x_wconf 85' lang='lat' dir='ltr'><em>fes</em></span> <span class='ocrx_word' id='word_1_85' title='bbox 882 1766 1007 1875; x_wconf 83' lang='lat' dir='ltr'><em>offices</em></span> <span class='ocrx_word' id='word_1_86' title='bbox 1021 1765 1146 1851; x_wconf 85' lang='lat' dir='ltr'><em>divine</em></span> <span class='ocrx_word' id='word_1_87' title='bbox 1159 1767 1257 1853; x_wconf 82' lang='lat' dir='ltr'><em>dans</em></span> <span class='ocrx_word' id='word_1_88' title='bbox 1270 1766 1371 1850; x_wconf 85' lang='lat' dir='ltr'><em>leurs</em></span> <span class='ocrx_word' id='word_1_89' title='bbox 1389 1766 1571 1854; x_wconf 81' lang='lat' dir='ltr'><em>Dioreses</em></span> <span class='ocrx_word' id='word_1_90' title='bbox 1595 1767 1801 1852; x_wconf 75' lang='lat' dir='ltr'><em>ruitantia</em></span> <span class='ocrx_word' id='word_1_91' title='bbox 1820 1768 2003 1854; x_wconf 78' lang='lat' dir='ltr'><em>tradition</em></span> <span class='ocrx_word' id='word_1_92' title='bbox 2021 1772 2070 1855; x_wconf 84' lang='lat' dir='ltr'><em>de</em></span> 
     </span>
     <span class='ocr_line' id='line_1_10' title="bbox 673 1885 2069 2001; baseline -0.002 -25"><span class='ocrx_word' id='word_1_93' title='bbox 673 1916 760 1983; x_wconf 82' lang='lat' dir='ltr'><em>tous</em></span> <span class='ocrx_word' id='word_1_94' title='bbox 793 1889 847 1974; x_wconf 81' lang='lat' dir='ltr'><em>fes</em></span> <span class='ocrx_word' id='word_1_95' title='bbox 875 1888 1034 1978; x_wconf 75' lang='lat' dir='ltr'><em>sicelet.</em></span> <span class='ocrx_word' id='word_1_96' title='bbox 1077 1885 1211 2001; x_wconf 86' lang='lat' dir='ltr'><em>Pergit</em></span> <span class='ocrx_word' id='word_1_97' title='bbox 1242 1886 1460 1986; x_wconf 85' lang='lat' dir='ltr'><em>Pontifex,</em></span> <span class='ocrx_word' id='word_1_98' title='bbox 1493 1890 1537 1974; x_wconf 87' lang='lat' dir='ltr'><em>et</em></span> <span class='ocrx_word' id='word_1_99' title='bbox 1567 1886 1764 1973; x_wconf 81' lang='lat' dir='ltr'><em>audaciae</em></span> <span class='ocrx_word' id='word_1_100' title='bbox 1782 1911 1945 1974; x_wconf 88' lang='lat' dir='ltr'><em>accusat</em></span> <span class='ocrx_word' id='word_1_101' title='bbox 1979 1914 2069 1974; x_wconf 88' lang='lat' dir='ltr'><em>tum</em></span> 
     </span>
     <span class='ocr_line' id='line_1_11' title="bbox 674 2002 2072 2121; baseline -0.001 -28"><span class='ocrx_word' id='word_1_102' title='bbox 674 2005 916 2100; x_wconf 82' lang='lat' dir='ltr'><em>seutentiam</em></span> <span class='ocrx_word' id='word_1_103' title='bbox 949 2002 1177 2089; x_wconf 86' lang='lat' dir='ltr'><em>Grancofae</em></span> <span class='ocrx_word' id='word_1_104' title='bbox 1209 2030 1336 2111; x_wconf 89' lang='lat' dir='ltr'><em>,turn</em></span> <span class='ocrx_word' id='word_1_105' title='bbox 1363 2004 1578 2121; x_wconf 86' lang='lat' dir='ltr'>praecipue</span> <span class='ocrx_word' id='word_1_106' title='bbox 1613 2007 1867 2093; x_wconf 82' lang='lat' dir='ltr'><em>assertionem</em></span> <span class='ocrx_word' id='word_1_107' title='bbox 1898 2007 2072 2105; x_wconf 71' lang='lat' dir='ltr'><em>loannis</em></span> 
     </span>
     <span class='ocr_line' id='line_1_12' title="bbox 675 2121 2070 2240; baseline -0.002 -26"><span class='ocrx_word' id='word_1_108' title='bbox 675 2129 855 2226; x_wconf 78' lang='lat' dir='ltr'><em>Pontus,</em></span> <span class='ocrx_word' id='word_1_109' title='bbox 887 2124 959 2240; x_wconf 89' lang='lat' dir='ltr'><em>qui</em></span> <span class='ocrx_word' id='word_1_110' title='bbox 976 2123 1050 2237; x_wconf 89' lang='lat'><em>(1)</em></span> <span class='ocrx_word' id='word_1_111' title='bbox 1068 2152 1273 2212; x_wconf 88' lang='lat' dir='ltr'><em>novorum</em></span> <span class='ocrx_word' id='word_1_112' title='bbox 1287 2121 1583 2215; x_wconf 82' lang='lat' dir='ltr'><em>breviariorum</em></span> <span class='ocrx_word' id='word_1_113' title='bbox 1608 2125 1856 2225; x_wconf 74' lang='lat' dir='ltr'><em>editionem,</em></span> <span class='ocrx_word' id='word_1_114' title='bbox 1887 2153 1926 2215; x_wconf 90' lang='lat' dir='ltr'><em>et</em></span> <span class='ocrx_word' id='word_1_115' title='bbox 1942 2124 2070 2211; x_wconf 81' lang='lat' dir='ltr'><em>retor-</em></span> 
     </span>
     <span class='ocr_line' id='line_1_13' title="bbox 613 2240 2069 2361; baseline -0.005 -25"><span class='ocrx_word' id='word_1_116' title='bbox 613 2286 620 2301; x_wconf 95' lang='lat'><strong>·</strong></span> <span class='ocrx_word' id='word_1_117' title='bbox 673 2242 901 2349; x_wconf 77' lang='lat' dir='ltr'><em>mationem</em></span> <span class='ocrx_word' id='word_1_118' title='bbox 918 2246 970 2332; x_wconf 89' lang='lat' dir='ltr'><em>ab</em></span> <span class='ocrx_word' id='word_1_119' title='bbox 986 2240 1195 2359; x_wconf 77' lang='lat' dir='ltr'><em>Episcopis</em></span> <span class='ocrx_word' id='word_1_120' title='bbox 1211 2240 1442 2334; x_wconf 84' lang='lat' dir='ltr'><em>faciendam</em></span> <span class='ocrx_word' id='word_1_121' title='bbox 1461 2271 1543 2332; x_wconf 76' lang='lat' dir='ltr'><em>esse</em></span> <span class='ocrx_word' id='word_1_122' title='bbox 1562 2243 1708 2331; x_wconf 79' lang='lat' dir='ltr'><em>refert.</em></span> <span class='ocrx_word' id='word_1_123' title='bbox 1747 2244 1904 2360; x_wconf 82' lang='lat' dir='ltr'><em>Alfegat</em></span> <span class='ocrx_word' id='word_1_124' title='bbox 1918 2269 2069 2361; x_wconf 87' lang='lat' dir='ltr'><em>praete·</em></span> 
     </span>
     <span class='ocr_line' id='line_1_14' title="bbox 552 2360 2071 2477; baseline -0.006 -22"><span class='ocrx_word' id='word_1_125' title='bbox 552 2407 554 2411; x_wconf 32' lang='lat'>⁸</span> <span class='ocrx_word' id='word_1_126' title='bbox 600 2369 602 2373; x_wconf 44' lang='lat'><strong>⁴</strong></span> <span class='ocrx_word' id='word_1_127' title='bbox 674 2392 742 2461; x_wconf 76' lang='lat' dir='ltr'><em>aaa</em></span> <span class='ocrx_word' id='word_1_128' title='bbox 771 2362 1001 2449; x_wconf 83' lang='lat' dir='ltr'><em>doctrinam</em></span> <span class='ocrx_word' id='word_1_129' title='bbox 1030 2361 1277 2475; x_wconf 79' lang='lat' dir='ltr'><em>Vanespenii</em></span> <span class='ocrx_word' id='word_1_130' title='bbox 1293 2360 1395 2476; x_wconf 88' lang='lat'><em>(2),</em></span> <span class='ocrx_word' id='word_1_131' title='bbox 1419 2360 1493 2477; x_wconf 88' lang='lat' dir='ltr'><em>qui</em></span> <span class='ocrx_word' id='word_1_132' title='bbox 1509 2393 1761 2475; x_wconf 85' lang='lat' dir='ltr'><em>quamquam</em></span> <span class='ocrx_word' id='word_1_133' title='bbox 1789 2388 1952 2465; x_wconf 88' lang='lat' dir='ltr'><em>teneat,</em></span> <span class='ocrx_word' id='word_1_134' title='bbox 1985 2366 2071 2450; x_wconf 85' lang='lat' dir='ltr'><em>bre·</em></span> 
     </span>
     <span class='ocr_line' id='line_1_15' title="bbox 673 2480 2069 2597; baseline -0.006 -22"><span class='ocrx_word' id='word_1_135' title='bbox 673 2480 927 2583; x_wconf 73' lang='lat' dir='ltr'><em>triariorum,</em></span> <span class='ocrx_word' id='word_1_136' title='bbox 961 2480 1216 2593; x_wconf 81' lang='lat' dir='ltr'><em>aliorumque</em></span> <span class='ocrx_word' id='word_1_137' title='bbox 1248 2480 1448 2568; x_wconf 88' lang='lat' dir='ltr'><em>librorum</em></span> <span class='ocrx_word' id='word_1_138' title='bbox 1480 2481 1535 2567; x_wconf 91' lang='lat' dir='ltr'><em>ad</em></span> <span class='ocrx_word' id='word_1_139' title='bbox 1559 2484 1747 2574; x_wconf 88' lang='lat' dir='ltr'><em>divinum</em></span> <span class='ocrx_word' id='word_1_140' title='bbox 1777 2481 1959 2567; x_wconf 87' lang='lat' dir='ltr'><em>officium</em></span> <span class='ocrx_word' id='word_1_141' title='bbox 1975 2509 2069 2597; x_wconf 82' lang='lat' dir='ltr'><em>spe·</em></span> 
     </span>
     <span class='ocr_line' id='line_1_16' title="bbox 675 2599 2069 2719; baseline -0.005 -29"><span class='ocrx_word' id='word_1_142' title='bbox 675 2601 877 2695; x_wconf 74' lang='lat' dir='ltr'><em>cuntium</em></span> <span class='ocrx_word' id='word_1_143' title='bbox 891 2620 1059 2688; x_wconf 81' lang='lat' dir='ltr'><em>examen</em></span> <span class='ocrx_word' id='word_1_144' title='bbox 1075 2662 1091 2701; x_wconf 96' lang='lat'><em>,</em></span> <span class='ocrx_word' id='word_1_145' title='bbox 1107 2626 1146 2687; x_wconf 88' lang='lat' dir='ltr'><em>et</em></span> <span class='ocrx_word' id='word_1_146' title='bbox 1162 2599 1454 2689; x_wconf 83' lang='lat' dir='ltr'><em>correctionem</em></span> <span class='ocrx_word' id='word_1_147' title='bbox 1469 2602 1524 2687; x_wconf 89' lang='lat' dir='ltr'><em>ad</em></span> <span class='ocrx_word' id='word_1_148' title='bbox 1539 2603 1757 2719; x_wconf 76' lang='lat' dir='ltr'><em>Episcopus</em></span> <span class='ocrx_word' id='word_1_149' title='bbox 1766 2600 1993 2716; x_wconf 87' lang='lat' dir='ltr'><em>pertinere,</em></span> <span class='ocrx_word' id='word_1_150' title='bbox 2011 2628 2069 2683; x_wconf 89' lang='lat' dir='ltr'><em>as·</em></span> 
     </span>
     <span class='ocr_line' id='line_1_17' title="bbox 672 2716 2068 2838; baseline -0.004 -30"><span class='ocrx_word' id='word_1_151' title='bbox 672 2719 767 2838; x_wconf 77' lang='lat' dir='ltr'><em>sctit</em></span> <span class='ocrx_word' id='word_1_152' title='bbox 788 2744 924 2815; x_wconf 84' lang='lat' dir='ltr'><em>tamen</em></span> <span class='ocrx_word' id='word_1_153' title='bbox 942 2721 986 2805; x_wconf 88' lang='lat' dir='ltr'><em>in</em></span> <span class='ocrx_word' id='word_1_154' title='bbox 1004 2716 1168 2834; x_wconf 85' lang='lat' dir='ltr'><em>Belgicis</em></span> <span class='ocrx_word' id='word_1_155' title='bbox 1188 2718 1387 2821; x_wconf 75' lang='lat' dir='ltr'><em>ecclesiis,</em></span> <span class='ocrx_word' id='word_1_156' title='bbox 1410 2720 1611 2829; x_wconf 80' lang='lat' dir='ltr'><em>aliisque,</em></span> <span class='ocrx_word' id='word_1_157' title='bbox 1629 2720 1673 2804; x_wconf 91' lang='lat' dir='ltr'><em>in</em></span> <span class='ocrx_word' id='word_1_158' title='bbox 1691 2721 1843 2833; x_wconf 83' lang='lat' dir='ltr'><em>quibus</em></span> <span class='ocrx_word' id='word_1_159' title='bbox 1862 2745 2068 2836; x_wconf 87' lang='lat' dir='ltr'><em>receptum</em></span> 
     </span>
     <span class='ocr_line' id='line_1_18' title="bbox 671 2837 2071 2949; baseline 0 -26"><span class='ocrx_word' id='word_1_160' title='bbox 671 2863 731 2934; x_wconf 84' lang='lat' dir='ltr'><em>est</em></span> <span class='ocrx_word' id='word_1_161' title='bbox 747 2837 993 2949; x_wconf 82' lang='lat' dir='ltr'><em>breuiarium</em></span> <span class='ocrx_word' id='word_1_162' title='bbox 1011 2839 1244 2926; x_wconf 83' lang='lat' dir='ltr'><em>Romanurn</em></span> <span class='ocrx_word' id='word_1_163' title='bbox 1259 2900 1275 2938; x_wconf 88' lang='lat'><em>,</em></span> <span class='ocrx_word' id='word_1_164' title='bbox 1290 2838 1574 2925; x_wconf 65' lang='lat' dir='ltr'><em>attenuati</em></span> <span class='ocrx_word' id='word_1_165' title='bbox 1591 2843 1646 2925; x_wconf 87' lang='lat' dir='ltr'><em>V.</em></span> <span class='ocrx_word' id='word_1_166' title='bbox 1664 2867 1745 2924; x_wconf 87' lang='lat' dir='ltr'><em>esse</em></span> <span class='ocrx_word' id='word_1_167' title='bbox 1767 2838 2071 2940; x_wconf 85' lang='lat' dir='ltr'><em>attendendam,</em></span> 
     </span>
     <span class='ocr_line' id='line_1_19' title="bbox 673 2951 2068 3074; baseline -0.004 -30"><span class='ocrx_word' id='word_1_168' title='bbox 673 2951 760 3058; x_wconf 62' lang='lat' dir='ltr'><em>cftsi</em></span> <span class='ocrx_word' id='word_1_169' title='bbox 777 2956 933 3072; x_wconf 83' lang='lat' dir='ltr'><em>aliquid</em></span> <span class='ocrx_word' id='word_1_170' title='bbox 949 2955 1153 3074; x_wconf 82' lang='lat' dir='ltr'><em>judicatur</em></span> <span class='ocrx_word' id='word_1_171' title='bbox 1189 2956 1426 3045; x_wconf 86' lang='lat' dir='ltr'><em>addendum</em></span> <span class='ocrx_word' id='word_1_172' title='bbox 1443 3024 1457 3061; x_wconf 91' lang='lat'><em>,</em></span> <span class='ocrx_word' id='word_1_173' title='bbox 1474 2959 1718 3045; x_wconf 86' lang='lat' dir='ltr'><em>mutandum</em></span> <span class='ocrx_word' id='word_1_174' title='bbox 1736 2957 1831 3060; x_wconf 88' lang='lat' dir='ltr'><em>,vel</em></span> <span class='ocrx_word' id='word_1_175' title='bbox 1846 2958 2068 3043; x_wconf 81' lang='lat' dir='ltr'><em>detrahen-</em></span> 
     </span>
     <span class='ocr_line' id='line_1_20' title="bbox 673 3072 2064 3195; baseline -0.004 -31"><span class='ocrx_word' id='word_1_176' title='bbox 673 3074 803 3177; x_wconf 87' lang='lat' dir='ltr'><em>dum,</em></span> <span class='ocrx_word' id='word_1_177' title='bbox 823 3076 867 3162; x_wconf 92' lang='lat' dir='ltr'><em>id</em></span> <span class='ocrx_word' id='word_1_178' title='bbox 881 3107 963 3164; x_wconf 86' lang='lat' dir='ltr'><em>esse</em></span> <span class='ocrx_word' id='word_1_179' title='bbox 980 3107 1004 3162; x_wconf 91' lang='lat' dir='ltr'><em>a</em></span> <span class='ocrx_word' id='word_1_180' title='bbox 1021 3074 1113 3164; x_wconf 81' lang='lat' dir='ltr'><em>aede</em></span> <span class='ocrx_word' id='word_1_181' title='bbox 1128 3075 1360 3193; x_wconf 79' lang='lat' dir='ltr'><em>Apostolica</em></span> <span class='ocrx_word' id='word_1_182' title='bbox 1388 3079 1680 3195; x_wconf 82' lang='lat' dir='ltr'><em>postulandum</em></span> <span class='ocrx_word' id='word_1_183' title='bbox 1696 3138 1706 3157; x_wconf 88' lang='lat'><strong>.</strong></span> <span class='ocrx_word' id='word_1_184' title='bbox 1740 3073 1877 3193; x_wconf 82' lang='lat' dir='ltr'><em>Major</em></span> <span class='ocrx_word' id='word_1_185' title='bbox 1893 3072 2064 3161; x_wconf 82' lang='lat' dir='ltr'><em>difficul-</em></span> 
     </span>
     <span class='ocr_line' id='line_1_21' title="bbox 674 3193 2071 3314; baseline -0.004 -29"><span class='ocrx_word' id='word_1_186' title='bbox 674 3220 737 3285; x_wconf 84' lang='lat' dir='ltr'><em>tas</em></span> <span class='ocrx_word' id='word_1_187' title='bbox 752 3195 930 3283; x_wconf 86' lang='lat' dir='ltr'><em>occurrit</em></span> <span class='ocrx_word' id='word_1_188' title='bbox 946 3195 1052 3282; x_wconf 87' lang='lat' dir='ltr'><em>circa</em></span> <span class='ocrx_word' id='word_1_189' title='bbox 1068 3193 1151 3281; x_wconf 84' lang='lat' dir='ltr'><em>iflas</em></span> <span class='ocrx_word' id='word_1_190' title='bbox 1167 3196 1388 3297; x_wconf 85' lang='lat' dir='ltr'><em>dioeceses,</em></span> <span class='ocrx_word' id='word_1_191' title='bbox 1405 3199 1448 3283; x_wconf 89' lang='lat' dir='ltr'><em>in</em></span> <span class='ocrx_word' id='word_1_192' title='bbox 1461 3199 1615 3314; x_wconf 87' lang='lat' dir='ltr'><em>quibus</em></span> <span class='ocrx_word' id='word_1_193' title='bbox 1623 3195 1763 3284; x_wconf 86' lang='lat' dir='ltr'><em>Bullac</em></span> <span class='ocrx_word' id='word_1_194' title='bbox 1783 3199 2071 3281; x_wconf 85' lang='lat' dir='ltr'><em>Romanorum</em></span> 
     </span>
     <span class='ocr_line' id='line_1_22' title="bbox 671 3313 2074 3433; baseline -0.001 -31"><span class='ocrx_word' id='word_1_195' title='bbox 671 3313 915 3402; x_wconf 80' lang='lat' dir='ltr'><em>Pontificum</em></span> <span class='ocrx_word' id='word_1_196' title='bbox 948 3313 1193 3402; x_wconf 88' lang='lat' dir='ltr'><em>breviarium</em></span> <span class='ocrx_word' id='word_1_197' title='bbox 1217 3342 1444 3403; x_wconf 88' lang='lat' dir='ltr'><em>correctum</em></span> <span class='ocrx_word' id='word_1_198' title='bbox 1467 3316 1754 3433; x_wconf 86' lang='lat' dir='ltr'><em>praefinientes</em></span> <span class='ocrx_word' id='word_1_199' title='bbox 1787 3344 1875 3402; x_wconf 90' lang='lat' dir='ltr'><em>non</em></span> <span class='ocrx_word' id='word_1_200' title='bbox 1899 3313 2074 3401; x_wconf 87' lang='lat' dir='ltr'><em>fuerunt</em></span> 
     </span>
     <span class='ocr_line' id='line_1_23' title="bbox 669 3430 2070 3550; baseline -0.004 -29"><span class='ocrx_word' id='word_1_201' title='bbox 669 3458 885 3550; x_wconf 75' lang='lat' dir='ltr'><em>receptae,</em></span> <span class='ocrx_word' id='word_1_202' title='bbox 919 3462 1099 3548; x_wconf 85' lang='lat' dir='ltr'><em>quarum</em></span> <span class='ocrx_word' id='word_1_203' title='bbox 1127 3430 1334 3548; x_wconf 86' lang='lat' dir='ltr'><em>Episcopis</em></span> <span class='ocrx_word' id='word_1_204' title='bbox 1367 3431 1434 3549; x_wconf 85' lang='lat' dir='ltr'><em>jus</em></span> <span class='ocrx_word' id='word_1_205' title='bbox 1466 3434 1716 3538; x_wconf 82' lang='lat' dir='ltr'><em>statuendi,</em></span> <span class='ocrx_word' id='word_1_206' title='bbox 1751 3461 1791 3524; x_wconf 87' lang='lat' dir='ltr'><em>et</em></span> <span class='ocrx_word' id='word_1_207' title='bbox 1822 3431 2070 3522; x_wconf 89' lang='lat' dir='ltr'><em>reformandi</em></span> 
     </span>
     <span class='ocr_line' id='line_1_24' title="bbox 668 3550 1598 3701; baseline -0.001 -62"><span class='ocrx_word' id='word_1_208' title='bbox 668 3551 809 3701; x_wconf 66' lang='lat' dir='ltr'><em>preces</em></span> <span class='ocrx_word' id='word_1_209' title='bbox 822 3550 1102 3642; x_wconf 80' lang='lat' dir='ltr'><em>ecclesiasticas</em></span> <span class='ocrx_word' id='word_1_210' title='bbox 1117 3550 1307 3637; x_wconf 85' lang='lat' dir='ltr'><em>nonnuffi</em></span> <span class='ocrx_word' id='word_1_211' title='bbox 1328 3554 1598 3643; x_wconf 82' lang='lat' dir='ltr'><em>concedunt.</em></span> 
     </span>
     <span class='ocr_line' id='line_1_25' title="bbox 696 3670 2070 3785; baseline -0.002 -30"><span class='ocrx_word' id='word_1_212' title='bbox 696 3743 703 3755; x_wconf 90' lang='lat'>.</span> <span class='ocrx_word' id='word_1_213' title='bbox 737 3696 837 3785; x_wconf 75' lang='lat'><strong>240.</strong></span> <span class='ocrx_word' id='word_1_214' title='bbox 872 3674 1019 3774; x_wconf 86' lang='lat' dir='ltr'><em>Porro,</em></span> <span class='ocrx_word' id='word_1_215' title='bbox 1043 3670 1100 3760; x_wconf 89' lang='lat' dir='ltr'><em>ait</em></span> <span class='ocrx_word' id='word_1_216' title='bbox 1130 3670 1315 3758; x_wconf 81' lang='lat' dir='ltr'><em>Pontifex</em></span> <span class='ocrx_word' id='word_1_217' title='bbox 1349 3671 1455 3760; x_wconf 87' lang='lat' dir='ltr'><em>idem</em></span> <span class='ocrx_word' id='word_1_218' title='bbox 1482 3674 1725 3762; x_wconf 80' lang='lat' dir='ltr'><em>Benedictus</em></span> <span class='ocrx_word' id='word_1_219' title='bbox 1739 3671 1854 3761; x_wconf 84' lang='lat' dir='ltr'><em>xtv.</em></span> <span class='ocrx_word' id='word_1_220' title='bbox 1872 3696 2070 3780; x_wconf 84' lang='lat' dir='ltr'><em>num.7.,</em></span> 
     </span>
     <span class='ocr_line' id='line_1_26' title="bbox 674 3788 2072 3908; baseline -0.004 -28"><span class='ocrx_word' id='word_1_221' title='bbox 674 3822 728 3880; x_wconf 79' lang='lat' dir='ltr'><em>ott</em></span> <span class='ocrx_word' id='word_1_222' title='bbox 753 3794 848 3881; x_wconf 79' lang='lat' dir='ltr'><em>boec</em></span> <span class='ocrx_word' id='word_1_223' title='bbox 862 3791 1090 3903; x_wconf 79' lang='lat' dir='ltr'><em>sufficiam,</em></span> <span class='ocrx_word' id='word_1_224' title='bbox 1120 3792 1285 3883; x_wconf 84' lang='lat' dir='ltr'><em>afiorum</em></span> <span class='ocrx_word' id='word_1_225' title='bbox 1308 3792 1501 3908; x_wconf 74' lang='lat' dir='ltr'><em>judicium</em></span> <span class='ocrx_word' id='word_1_226' title='bbox 1517 3796 1596 3891; x_wconf 76' lang='lat' dir='ltr'><em>sit.</em></span> <span class='ocrx_word' id='word_1_227' title='bbox 1622 3795 1739 3905; x_wconf 77' lang='lat' dir='ltr'><em>Quod</em></span> <span class='ocrx_word' id='word_1_228' title='bbox 1765 3820 1892 3879; x_wconf 82' lang='lat' dir='ltr'><em>nutem</em></span> <span class='ocrx_word' id='word_1_229' title='bbox 1917 3788 2072 3875; x_wconf 85' lang='lat' dir='ltr'><em>videtur</em></span> 
     </span>
     <span class='ocr_line' id='line_1_27' title="bbox 674 3910 2068 4030; baseline -0.003 -31"><span class='ocrx_word' id='word_1_230' title='bbox 674 3910 913 4027; x_wconf 80' lang='lat' dir='ltr'><em>atseriposre</em></span> <span class='ocrx_word' id='word_1_231' title='bbox 927 3940 1013 4014; x_wconf 83' lang='lat' dir='ltr'><em>est,</em></span> <span class='ocrx_word' id='word_1_232' title='bbox 1040 3912 1163 4000; x_wconf 83' lang='lat' dir='ltr'><em>tutius</em></span> <span class='ocrx_word' id='word_1_233' title='bbox 1183 3944 1291 4012; x_wconf 81' lang='lat' dir='ltr'><em>esst,</em></span> <span class='ocrx_word' id='word_1_234' title='bbox 1318 3912 1494 4000; x_wconf 81' lang='lat' dir='ltr'><em>uterium</em></span> <span class='ocrx_word' id='word_1_235' title='bbox 1512 3915 1724 4030; x_wconf 77' lang='lat' dir='ltr'><em>Episcopi,</em></span> <span class='ocrx_word' id='word_1_236' title='bbox 1746 3913 1815 4028; x_wconf 86' lang='lat' dir='ltr'><em>qui</em></span> <span class='ocrx_word' id='word_1_237' title='bbox 1828 3927 2001 4027; x_wconf 81' lang='lat' dir='ltr'><em>potunt,</em></span> <span class='ocrx_word' id='word_1_238' title='bbox 2025 3938 2068 3995; x_wconf 83' lang='lat' dir='ltr'><em>se</em></span> 
     </span>
     <span class='ocr_line' id='line_1_28' title="bbox 667 4028 2070 4148; baseline 0.001 -35"><span class='ocrx_word' id='word_1_239' title='bbox 667 4050 760 4148; x_wconf 77' lang='lat' dir='ltr'><em>pust</em></span> <span class='ocrx_word' id='word_1_240' title='bbox 772 4028 923 4119; x_wconf 64' lang='lat' dir='ltr'><em>&amp;tam</em></span> <span class='ocrx_word' id='word_1_241' title='bbox 940 4030 1005 4119; x_wconf 88' lang='lat' dir='ltr'><em>Pii.</em></span> <span class='ocrx_word' id='word_1_242' title='bbox 1021 4035 1070 4121; x_wconf 86' lang='lat' dir='ltr'><em>V.</em></span> <span class='ocrx_word' id='word_1_243' title='bbox 1084 4062 1201 4148; x_wconf 80' lang='lat' dir='ltr'><em>posse</em></span> <span class='ocrx_word' id='word_1_244' title='bbox 1215 4032 1362 4147; x_wconf 75' lang='lat' dir='ltr'><em>aliquid</em></span> <span class='ocrx_word' id='word_1_245' title='bbox 1373 4035 1539 4132; x_wconf 82' lang='lat' dir='ltr'><em>addere,</em></span> <span class='ocrx_word' id='word_1_246' title='bbox 1568 4033 1628 4117; x_wconf 81' lang='lat' dir='ltr'><em>vti</em></span> <span class='ocrx_word' id='word_1_247' title='bbox 1646 4034 1847 4117; x_wconf 85' lang='lat' dir='ltr'><em>irnnrtrtnre</em></span> <span class='ocrx_word' id='word_1_248' title='bbox 1862 4029 1904 4113; x_wconf 84' lang='lat' dir='ltr'><em>in</em></span> <span class='ocrx_word' id='word_1_249' title='bbox 1919 4028 2070 4114; x_wconf 82' lang='lat' dir='ltr'><em>brevio-</em></span> 
     </span>
     <span class='ocr_line' id='line_1_29' title="bbox 671 4147 2063 4267; baseline -0.001 -32"><span class='ocrx_word' id='word_1_250' title='bbox 671 4147 758 4245; x_wconf 86' lang='lat' dir='ltr'><em>rio,</em></span> <span class='ocrx_word' id='word_1_251' title='bbox 780 4167 851 4232; x_wconf 88' lang='lat' dir='ltr'><em>nut</em></span> <span class='ocrx_word' id='word_1_252' title='bbox 876 4180 1016 4236; x_wconf 84' lang='lat' dir='ltr'><em>nouum</em></span> <span class='ocrx_word' id='word_1_253' title='bbox 1033 4150 1257 4236; x_wconf 81' lang='lat' dir='ltr'><em>breuiarium</em></span> <span class='ocrx_word' id='word_1_254' title='bbox 1290 4151 1397 4235; x_wconf 86' lang='lat' dir='ltr'><em>edere</em></span> <span class='ocrx_word' id='word_1_255' title='bbox 1414 4215 1428 4252; x_wconf 88' lang='lat'><em>,</em></span> <span class='ocrx_word' id='word_1_256' title='bbox 1447 4152 1646 4267; x_wconf 65' lang='lat' dir='ltr'><em>praemunt</em></span> <span class='ocrx_word' id='word_1_257' title='bbox 1677 4150 1789 4235; x_wconf 85' lang='lat' dir='ltr'><em>Sedis</em></span> <span class='ocrx_word' id='word_1_258' title='bbox 1814 4148 2063 4262; x_wconf 82' lang='lat' dir='ltr'><em>Apostolicne</em></span> 
     </span>
     <span class='ocr_line' id='line_1_30' title="bbox 665 4263 2067 4385; baseline 0.001 -34"><span class='ocrx_word' id='word_1_259' title='bbox 665 4263 859 4385; x_wconf 66' lang='lat' dir='ltr'><em>judicium</em></span> <span class='ocrx_word' id='word_1_260' title='bbox 876 4267 1102 4383; x_wconf 84' lang='lat' dir='ltr'><em>requirnnt.</em></span> <span class='ocrx_word' id='word_1_261' title='bbox 1135 4268 1280 4368; x_wconf 82' lang='lat' dir='ltr'><em>Absit,</em></span> <span class='ocrx_word' id='word_1_262' title='bbox 1310 4293 1358 4355; x_wconf 91' lang='lat' dir='ltr'><em>ut</em></span> <span class='ocrx_word' id='word_1_263' title='bbox 1387 4270 1504 4385; x_wconf 89' lang='lat' dir='ltr'><em>quod</em></span> <span class='ocrx_word' id='word_1_264' title='bbox 1531 4267 1848 4385; x_wconf 86' lang='lat' dir='ltr'><em>sapientissimus</em></span> <span class='ocrx_word' id='word_1_265' title='bbox 1881 4266 2067 4355; x_wconf 78' lang='lat' dir='ltr'><em>Pontifex</em></span> 
     </span>
     <span class='ocr_line' id='line_1_31' title="bbox 554 4381 2067 4506; baseline -0.003 -34"><span class='ocrx_word' id='word_1_266' title='bbox 554 4436 565 4451; x_wconf 47' lang='grc' dir='ltr'>ν</span> <span class='ocrx_word' id='word_1_267' title='bbox 674 4381 849 4474; x_wconf 78' lang='lat' dir='ltr'><em>afiorum</em></span> <span class='ocrx_word' id='word_1_268' title='bbox 862 4384 1020 4503; x_wconf 83' lang='lat' dir='ltr'><em>judicio</em></span> <span class='ocrx_word' id='word_1_269' title='bbox 1036 4384 1221 4499; x_wconf 87' lang='lat' dir='ltr'><em>reliquit,</em></span> <span class='ocrx_word' id='word_1_270' title='bbox 1240 4387 1372 4490; x_wconf 76' lang='lat' dir='ltr'><em>ausim</em></span> <span class='ocrx_word' id='word_1_271' title='bbox 1391 4420 1464 4506; x_wconf 83' lang='lat' dir='ltr'><em>ego</em></span> <span class='ocrx_word' id='word_1_272' title='bbox 1480 4388 1677 4491; x_wconf 85' lang='lat' dir='ltr'><em>definire;</em></span> <span class='ocrx_word' id='word_1_273' title='bbox 1704 4387 2067 4503; x_wconf 83' lang='lat' dir='ltr'><em>prudentissimum</em></span> 
     </span>
     <span class='ocr_line' id='line_1_32' title="bbox 673 4501 2066 4628; baseline -0.008 -31"><span class='ocrx_word' id='word_1_274' title='bbox 673 4529 777 4602; x_wconf 73' lang='lat' dir='ltr'><em>vero</em></span> <span class='ocrx_word' id='word_1_275' title='bbox 805 4504 894 4628; x_wconf 75' lang='lat' dir='ltr'><em>ejus</em></span> <span class='ocrx_word' id='word_1_276' title='bbox 925 4501 1144 4597; x_wconf 85' lang='lat' dir='ltr'><em>consilium</em></span> <span class='ocrx_word' id='word_1_277' title='bbox 1173 4504 1340 4595; x_wconf 79' lang='lat' dir='ltr'><em>summis</em></span> <span class='ocrx_word' id='word_1_278' title='bbox 1381 4509 1575 4599; x_wconf 82' lang='lat' dir='ltr'><em>laudibus</em></span> <span class='ocrx_word' id='word_1_279' title='bbox 1604 4501 1914 4610; x_wconf 82' lang='lat' dir='ltr'><em>extollendum,</em></span> <span class='ocrx_word' id='word_1_280' title='bbox 1944 4527 2066 4619; x_wconf 81' lang='lat' dir='ltr'><em>atque</em></span> 
     </span>
    </p>
   </div>
   <div class='ocr_carea' id='block_1_2' title="bbox 677 4703 2083 5119">
    <p class='ocr_par' dir='ltr' id='par_1_2' title="bbox 677 4703 2083 4900">
     <span class='ocr_line' id='line_1_33' title="bbox 677 4703 2083 4808; baseline -0.001 -29"><span class='ocrx_word' id='word_1_281' title='bbox 677 4703 772 4788; x_wconf 82' lang='lat' dir='ltr'><em>ditus</em></span> <span class='ocrx_word' id='word_1_282' title='bbox 799 4713 845 4784; x_wconf 91' lang='lat' dir='ltr'><em>ob</em></span> <span class='ocrx_word' id='word_1_283' title='bbox 876 4711 1055 4808; x_wconf 83' lang='lat' dir='ltr'><em>vulgatum</em></span> <span class='ocrx_word' id='word_1_284' title='bbox 1079 4710 1346 4804; x_wconf 50' lang='lat' dir='ltr'><em>„catechismum</em></span> <span class='ocrx_word' id='word_1_285' title='bbox 1459 4723 1513 4806; x_wconf 84' lang='grc' dir='ltr'><em>(ι)</em></span> <span class='ocrx_word' id='word_1_286' title='bbox 1543 4716 1582 4788; x_wconf 88' lang='lat' dir='ltr'><em>In</em></span> <span class='ocrx_word' id='word_1_287' title='bbox 1612 4712 1904 4789; x_wconf 84' lang='lat' dir='ltr'><em>Dictionar.Cas.</em></span> <span class='ocrx_word' id='word_1_288' title='bbox 1934 4707 2083 4789; x_wconf 65' lang='lat' dir='ltr'><em>Consu·</em></span> 
     </span>
     <span class='ocr_line' id='line_1_34' title="bbox 677 4800 1943 4900; baseline -0.002 -23"><span class='ocrx_word' id='word_1_289' title='bbox 677 4800 813 4889; x_wconf 83' lang='lat' dir='ltr'><em>Romae</em></span> <span class='ocrx_word' id='word_1_290' title='bbox 829 4811 982 4885; x_wconf 87' lang='lat' dir='ltr'><em>censoria</em></span> <span class='ocrx_word' id='word_1_291' title='bbox 996 4830 1075 4886; x_wconf 85' lang='lat' dir='ltr'><em>uota</em></span> <span class='ocrx_word' id='word_1_292' title='bbox 1090 4817 1257 4887; x_wconf 86' lang='lat' dir='ltr'><em>inustum.</em></span> <span class='ocrx_word' id='word_1_293' title='bbox 1272 4812 1345 4886; x_wconf 86' lang='lat' dir='ltr'><em>Plu·</em></span> <span class='ocrx_word' id='word_1_294' title='bbox 1407 4829 1532 4888; x_wconf 76' lang='lat' dir='ltr'><em>tome.</em></span> <span class='ocrx_word' id='word_1_295' title='bbox 1547 4816 1580 4888; x_wconf 87' lang='lat' dir='ltr'><em>in</em></span> <span class='ocrx_word' id='word_1_296' title='bbox 1594 4816 1690 4887; x_wconf 85' lang='lat' dir='ltr'><em>verb.</em></span> <span class='ocrx_word' id='word_1_297' title='bbox 1701 4813 1824 4900; x_wconf 75' lang='lat' dir='ltr'><em>fertum</em></span> <span class='ocrx_word' id='word_1_298' title='bbox 1836 4821 1943 4891; x_wconf 64' lang='lat' dir='ltr'><em>cam.</em></span> 
     </span>
    </p>

    <p class='ocr_par' dir='ltr' id='par_1_3' title="bbox 678 4900 2067 5119">
     <span class='ocr_line' id='line_1_35' title="bbox 678 4900 2067 5006; baseline -0.004 -29"><span class='ocrx_word' id='word_1_299' title='bbox 678 4923 730 5003; x_wconf 40' lang='grc' dir='ltr'><em>τι</em></span> <span class='ocrx_word' id='word_1_300' title='bbox 743 4904 776 4977; x_wconf 89' lang='lat' dir='ltr'><em>in</em></span> <span class='ocrx_word' id='word_1_301' title='bbox 794 4912 935 4981; x_wconf 83' lang='lat' dir='ltr'><em>eandem</em></span> <span class='ocrx_word' id='word_1_302' title='bbox 962 4934 1033 4982; x_wconf 89' lang='lat' dir='ltr'><em>rem</em></span> <span class='ocrx_word' id='word_1_303' title='bbox 1052 4910 1163 5001; x_wconf 74' lang='lat' dir='ltr'><em>affert¹</em></span> <span class='ocrx_word' id='word_1_304' title='bbox 1181 4912 1344 4987; x_wconf 83' lang='lat' dir='ltr'><em>Diarium</em></span> <span class='ocrx_word' id='word_1_305' title='bbox 1454 4920 1509 5006; x_wconf 82' lang='lat' dir='ltr'><em>(a)</em></span> <span class='ocrx_word' id='word_1_306' title='bbox 1535 4916 1607 5001; x_wconf 88' lang='lat' dir='ltr'><em>Jur.</em></span> <span class='ocrx_word' id='word_1_307' title='bbox 1631 4911 1759 4983; x_wconf 82' lang='lat' dir='ltr'><em>Eccles.</em></span> <span class='ocrx_word' id='word_1_308' title='bbox 1779 4923 1868 5001; x_wconf 84' lang='lat' dir='ltr'><em>part.</em></span> <span class='ocrx_word' id='word_1_309' title='bbox 1885 4926 1915 4973; x_wconf 86' lang='lat' dir='ltr'><em>t.</em></span> <span class='ocrx_word' id='word_1_310' title='bbox 1931 4900 1987 4973; x_wconf 89' lang='lat' dir='ltr'><em>tit.</em></span> <span class='ocrx_word' id='word_1_311' title='bbox 2007 4903 2067 4973; x_wconf 77' lang='lat' dir='ltr'><em>ro.</em></span> 
     </span>
     <span class='ocr_line' id='line_1_36' title="bbox 678 5002 2063 5119; baseline -0.003 -41"><span class='ocrx_word' id='word_1_312' title='bbox 678 5002 949 5119; x_wconf 75' lang='lat' dir='ltr'><em>ecclesiasticum</em></span> <span class='ocrx_word' id='word_1_313' title='bbox 962 5006 1189 5084; x_wconf 81' lang='lat' dir='ltr'><em>Dinovanii.</em></span> <span class='ocrx_word' id='word_1_314' title='bbox 1228 5069 1231 5075; x_wconf 93' lang='lat'>.</span> <span class='ocrx_word' id='word_1_315' title='bbox 1298 5091 1300 5096; x_wconf 68' lang='lat'><em>,</em></span> <span class='ocrx_word' id='word_1_316' title='bbox 1405 5016 2063 5104; x_wconf 63' lang='lat' dir='ltr'><em>c·.9,etm.22.eep.7.ut9.etseqq.</em></span> 
     </span>
    </p>
   </div>
   <div class='ocr_carea' id='block_1_3' title="bbox 0 0 2556 6228">
    <p class='ocr_par' dir='ltr' id='par_1_4' title="bbox 0 0 2556 6228">
     <span class='ocr_line' id='line_1_37' title="bbox 0 0 2556 6228; baseline 0 0"><span class='ocrx_word' id='word_1_317' title='bbox 0 0 2556 6228; x_wconf 95' lang='lat' dir='ltr'><em> </em></span> 
     </span>
    </p>
   </div>
  </div>
 </body>
</html>
