5084 6234
724 855 728 860 ’
840 808 1507 901 'ECCLESIASTICIS
1674 796 1676 802 ’
1793 844 1885 932 151.

482 1023 512 1064 ,,
529 952 858 1047 Aeternrr'Clrristi
885 986 1043 1041 munera
1064 1018 1073 1038 .
1108 957 1153 1039 ln
1174 957 1382 1042 communi
1399 952 1690 1072 Apostolorum
1720 953 1773 1037 ad
1789 944 1878 1041 ma-

482 1081 687 1169 turinum.
721 1080 790 1163 Est
807 1078 847 1159 S.
866 1075 1070 1163 Ambrosii
1107 1077 1149 1161 in
1167 1077 1385 1188 hymnario
1414 1075 1544 1163 Card.
1562 1071 1802 1175 Thomasii,
1836 1098 1877 1165 et

482 1197 526 1282 in
543 1200 646 1286 illius
665 1196 855 1315 operibus
873 1257 883 1280 .

482 1319 646 1404 Aeterrre
664 1322 802 1405 Rector
814 1315 979 1399 siderum
999 1376 1009 1397 .
1046 1315 1122 1400 Die
1144 1347 1183 1404 2.
1198 1314 1390 1404 Octobris
1408 1316 1462 1402 ad
1507 1317 1673 1404 laudes.

478 1499 508 1541 „
539 1435 704 1522 Aeterne
738 1465 861 1520 rerum
885 1435 1059 1519 conditor
1085 1496 1097 1520 .
1130 1440 1179 1523 ln
1201 1435 1417 1524 Dominica
1439 1437 1492 1521 ad
1509 1437 1675 1523 laudes.
1711 1435 1751 1520 S.
1769 1434 1875 1520 Am·

480 1559 604 1646 brosii
622 1586 672 1643 ex
690 1554 746 1639 V.
765 1552 895 1638 Card.
913 1554 1165 1646 'l‘homasio.
1200 1557 1337 1675 Hujus
1355 1555 1501 1671 hymni
1519 1556 1682 1644 initium
1702 1555 1873 1642 refertur

478 1674 523 1759 in
549 1677 684 1793 regula
716 1676 757 1758 S.
775 1670 960 1760 Caesarii
993 1736 1007 1777 ,
1040 1678 1203 1795 dequo
1235 1707 1373 1764 actum
1402 1704 1460 1764 est
1493 1708 1607 1763 num.
1626 1674 1733 1789 98..
1765 1673 1881 1766 Eum.

477 1795 700 1879 admittunt
716 1791 905 1878 Maurini
921 1794 963 1877 in
980 1798 1170 1911 operibus
1205 1799 1245 1881 S.
1262 1795 1492 1885 Ambrosii.

394 1962 396 1965 >
476 1913 639 1997 Aeterne
655 1917 743 2001 Rea·
761 1911 965 1999 altissime.
984 1914 1035 1996 ln
1051 1916 1301 2004 Ascensione
1323 1915 1497 2003 Domini
1519 1914 1573 2001 ad
1591 1914 1840 2002 matutinum
1856 1972 1871 2002 .

477 2032 518 2115 S.
529 2032 712 2149 Gregorii
730 2061 811 2119 esse
829 2030 977 2120 dicitur
991 2034 1034 2117 in
1053 2035 1303 2149 quibusdam
1327 2034 1561 2124 breviariis.

481 2146 574 2237 Ales
587 2149 851 2238 dieiounrius.
872 2153 983 2239 Feria
999 2156 1069 2239 111.
1091 2157 1146 2241 ad
1164 2156 1326 2249 laudes.
1343 2156 1501 2242 Auctor
1513 2179 1570 2240 est
1589 2151 1879 2257 Prudentius..-ae

476 2330 505 2371 ‚,
517 2268 611 2358 Alto
624 2301 677 2358 ex
689 2272 832 2389 olympi
844 2274 980 2359 vertice
996 2336 1008 2360 .
1024 2276 1118 2360 olim
1125 2274 1366 2392 ,Angularis
1379 2274 1699 2359 fundamentum
1713 2335 1723 2355 .
1738 2274 1787 2356 ln
1805 2272 1875 2359 de·
1967 2370 1970 2375 .

479 2388 681 2479 ditatione
698 2391 892 2480 Ecclesiae
910 2392 965 2477 ad
996 2393 1167 2484 laudes.
1198 2396 1369 2482 Rubeus
1401 2392 1442 2478 in
1459 2390 1685 2478 Psalterium
1704 2393 1743 2475 S.
1766 2390 1876 2490 Ame,

478 2510 614 2596 brosio
632 2508 772 2599 tribuit
788 2511 902 2599 hune
920 2513 1123 2628 hymnum
1141 2580 1153 2602 .
1184 2512 1373 2601 Maurini
1399 2510 1572 2598 editores
1586 2510 1690 2597 inter
1706 2512 1747 2596 S.
1764 2509 1877 2600 Am·.
1906 2512 1908 2514 ’

477 2626 600 2715 brosii
620 2631 795 2743 hymnos
811 2630 908 2720 huic
930 2633 1089 2720 nullum
1108 2637 1209 2723 dant
1224 2633 1387 2718 locum.
1871 2719 1877 2726 .

543 2776 639 2863 177·
669 2752 798 2839 Antra
812 2750 952 2838 deserti
969 2754 1107 2842 teneris
1120 2758 1189 2843 sub
1202 2752 1347 2841 narsis.
1376 2749 1454 2836 Die
1481 2777 1550 2865 24·
1570 2750 1588 2848 J
1595 2747 1683 2835 unii
1721 2749 1776 2835 ad
1790 2779 1876 2840 ma·
1997 2839 2000 2844 ,

473 2866 667 2952 tutinum
687 2930 698 2953 .
720 2870 793 2956 Est
808 2900 901 2991 pars
917 2875 1096 2989 Hymni,
1114 2877 1169 2963 Ut
1184 2892 1327 2991 queant
1345 2871 1450 2958 laxit
1466 2897 1543 2958 etc.
1564 2928 1578 2968 ,
1607 2898 1730 2983 quem
1745 2868 1840 2960 vide
1859 2930 1874 2959 .

481 2983 520 3074 tl
537 2984 628 3075 solis
645 3008 754 3077 ortm
767 2990 920 3078 cardine
938 3053 948 3075 .
983 2997 1027 3081 lu
1047 2994 1261 3085 Nativitate
1299 2989 1470 3079 Domini
1491 2990 1545 3075 ad
1580 2986 1747 3075 laudes.
1774 2990 1873 3103 Hy·

480 3133 606 3193 mnus
622 3107 1062 3198 AbeeedariusSedulii
1081 3174 1092 3196 .
1126 3112 1258 3199 Prima
1276 3112 1438 3230 stropha
1457 3107 1582 3224 hujus
1612 3107 1757 3226 hymni
1772 3106 1873 3227 legi·

370 3284 377 3295 ·
476 3248 546 3311 tur
578 3224 621 3309 in
639 3227 717 3314 alio
734 3230 923 3345 hymno,
952 3231 1027 3347 qui
1050 3235 1093 3321 S.
1112 3230 1330 3321 Ambrosio
1348 3228 1541 3319 tribuitur
1557 3227 1619 3312 -in
1649 3226 1875 3341 hymnario

472 3343 530 3428 V.
549 3342 792 3438 Thomasii.

473 3462 627 3551 Athlero
642 3467 789 3555 Christi
798 3469 933 3561 nobilis
951 3532 962 3556 .
994 3472 1071 3561 Die
1101 3476 1167 3561 18.
1186 3472 1291 3592 Maji
1308 3472 1363 3559 ad
1385 3467 1665 3557 matutinum.

473 3642 502 3684 „
517 3583 623 3673 Audi
643 3588 807 3708 benigne
823 3590 1007 3680 Conditor
1037 3595 1251 3682 .Sabbato
1286 3593 1418 3711 primo
1452 3592 1496 3673 in
1532 3582 1868 3703 Quadragesima

475 3702 528 3787 td
556 3732 769 3825 vesperas.
802 3706 1078 3799 ATimotheo
1093 3711 1287 3802 tribuitur
1304 3705 1559 3810 Prudenti03
1586 3705 1656 3792 sed
1673 3729 1781 3793 extat
1796 3703 1866 3789 in-
1910 3705 1912 3709 ’

373 3843 375 3846 ·
470 3840 529 3906 ter
553 3822 731 3940 hymnos
746 3827 786 3913 S.
800 3828 988 3945 Gregorii
1001 3830 1145 3949 Magni
1174 3854 1264 3947 post
1280 3827 1635 3947 Antiphonarium
1657 3823 1699 3908 in
1716 3821 1866 3910 editio·

470 3968 521 4026 ne
558 3943 783 4031 Maurina.
810 3948 1088 4036 Ambrosianus
1113 3950 1262 4035 dicitur
1297 3948 1341 4033 in
1371 3945 1588 4063 hymnario
1621 3941 1832 4030 Thomasii
1851 4004 1882 4040 .,

468 4059 596 4145 Audit
624 4093 815 4181 tyrannus
830 4069 1006 4157 anxius.
1038 4071 1087 4154 ln
1119 4067 1218 4155 sesto
1234 4062 1605 4154 SS.lnnoeentium
1630 4062 1685 4149 ad
1697 4061 1867 4151 matuti·

471 4205 605 4263 num.
632 4185 843 4271 Prudentii
865 4246 879 4272 .

466 4292 848 4392 AveMarisstelln.
875 4308 922 4391 ln
952 4307 1086 4397 officio
1118 4306 1343 4394 ursariae
1374 4305 1416 4390 in
1435 4303 1614 4392 Sabbato
1640 4301 1694 4390 ad
1725 4307 1864 4419 vespe⁴
1976 4411 1979 4415 Α

465 4443 532 4502 ras
550 4477 562 4501 .
580 4418 819 4510 franciscus
836 4424 1033 4516 Costerus
1062 4426 1176 4545 apud
1194 4425 1458 4529 Gavautum‚
1474 4421 1622 4539 aliique
1639 4422 1765 4538 hujus
1783 4424 1858 4538 hy·

462 4533 549 4619 mni
572 4539 884 4629 S.Beroardum
917 4573 1123 4638 auctorem
1140 4545 1314 4636 dicunt.
1338 4551 1556 4663 Repugnat
1584 4538 1855 4634 Mabilloniut

463 4651 507 4736 in
525 4655 702 4744 editione
722 4690 889 4777 operum
906 4664 1154 4753 S.Bernardi
1171 4665 1268 4781 (a),
1304 4666 1535 4759 affirmans,
1570 4655 1614 4738 in
1650 4657 1853 4751 breviario

465 4768 681 4866 Catinensi
695 4780 843 4901 scripto
864 4812 1037 4906 tempore
1054 4784 1229 4875 Odesisii
1246 4783 1420 4871 Abbatis
1454 4808 1503 4866 eo
1524 4775 1691 4866 nomine
1702 4778 1853 4901 primi,

512 5037 561 5131 (a)
588 4992 732 5131 Tom.5.
751 5043 941 5137 praefatas
959 5040 1138 5118 Carmina.
