5084 6234
1099 810 1205 899 DE
1266 811 1627 901 HYMNIS

1191 985 1273 1110 s.
1318 995 1479 1080 xxx.

785 1138 1037 1229 &notentur
1048 1138 1180 1254 hymni
1195 1136 1235 1223 in
1252 1134 1436 1222 breviario
1447 1136 1621 1225 Romano
1637 1135 1943 1259 existentes-post

931 1256 1195 1345 correctionem
1236 1253 1386 1342 Uthnnt'
1414 1252 1554 1353 Vili,
1586 1286 1790 1377 eorumque

1127 1397 1300 1463 unctores
1327 1372 1596 1491 indagantur.

672 827 762 932 t5o'

669 1583 765 1673 175·
866 1585 943 1643 uae
971 1555 1139 1658 omnia,
1170 1580 1218 1640 ut
1248 1549 1478 1641 evidentius
1507 1578 1701 1668 pateant,
1732 1555 1958 1671 eutaiogum
1989 1581 2055 1649 ate

665 1702 802 1764 texam
830 1678 1106 1790 hymnorum,
1126 1673 1281 1792 quibus
1296 1669 1452 1757 utimur
1486 1669 1530 1754 in
1554 1672 1754 1763 breviario
1771 1677 1989 1778 Romano,
2020 1701 2061 1767 et

663 1824 808 1882 eorum
833 1821 1048 1897 auctores,
1077 1795 1151 1910 qui
1178 1792 1263 1878 noti
1294 1815 1394 1876 sunt
1410 1851 1424 1889 ,
1441 1818 1683 1908 exponam3
1713 1791 1944 1905 reddamque
1972 1795 2061 1881 ini·

663 1912 799 2017 tium,
821 1915 937 2026 quod
967 1917 1142 2001 habebat
1158 1910 1367 2025 hymnus,
1402 1933 1623 2019 antequam
1653 1912 1937 1998 emendaretur
1953 1976 1969 2014 ,
1984 1914 2058 2004 ubi

661 2033 809 2120 scilicet
828 2057 1032 2118 mutatum
1048 2030 1129 2118 fuit
1156 2026 1431 2147 principium.
1458 2029 1516 2112 ita
1541 2030 1655 2119 iaciie
1694 2030 1822 2118 cuivis
1855 2030 1956 2135 etit,
1973 2034 2057 2146 hy·-

600 2199 602 2204 ·
660 2179 782 2237 mnos
799 2175 976 2237 recentes
991 2177 1085 2238 cum
1102 2147 1284 2259 antiquis
1316 2145 1359 2229 in
1385 2147 1638 2259 hymnariis,
1670 2144 1925 2238 breviariisve
1955 2176 2052 2239 ante

658 2272 880 2358 Urbanum
899 2268 1006 2353 Viii.
1024 2269 1142 2356 editis
1174 2292 1449 2383 componere,
1482 2296 1522 2357 et
1537 2268 1885 2367 animadvertere,
1912 2268 1958 2361 in
1991 2299 2064 2356 re·
2090 2268 2092 2272 ’

657 2389 845 2477 centibus
891 2386 1086 2502 majorem
1112 2410 1399 2486 venustatem,
1440 2412 1479 2475 et
1507 2387 1722 2489 decorem,
1752 2416 1827 2473 nec
1852 2386 2056 2475 minorem

655 2507 842 2627 pietatem
858 2506 993 2593 adesse
1008 2505 1079 2624 (a)
1095 2567 1105 2590 .

658 2629 726 2713 At
741 2627 874 2745 regins
886 2627 998 2745 Agni
1011 2630 1150 2741 dapes.
1168 2623 1292 2725 oiim,
1309 2622 1379 2708 Ad
1395 2652 1564 2711 coenam
1597 2625 1707 2744 Agni
1726 2622 1917 2746 providi.
1952 2626 2057 2713 sao

662 2746 762 2833 bato
795 2744 849 2829 ad
863 2771 1047 2861 vesperas
1065 2769 1157 2829 ante
1179 2740 1441 2829 Dominicam
1461 2746 1504 2828 in
1521 2745 1633 2832 Aibis
1653 2808 1664 2830 .
1852 2797 1854 2800 -

722 2862 819 2977 176.
852 2926 879 2965 „
898 2865 1068 2949 Artemo
1086 2863 1181 2951 coeii
1210 2861 1335 2981 gioria
1352 2923 1363 2946 .
1383 2864 1493 2947 Faria
1510 2866 1583 2948 Vl.
1611 2862 1665 2948 ad
1695 2861 1835 2950 laudes
1850 2884 1942 2976 post
1956 2861 2056 2980 Epi·

655 2982 874 3101 phaniam.
893 2984 938 3067 in
958 2981 1178 3095 hymnario
1195 2982 1253 3066 V.
1267 2980 1399 3068 Card.
1416 2980 1627 3071 Thomasii
1651 2979 1745 3071 huic
1761 2985 1918 3099 hymno
1933 3008 2058 3101 prae·

655 3102 793 3222 figitur
810 3130 959 3189 nomen
977 3106 1016 3188 S.
1036 3100 1241 3191 Ambrosii
1261 3162 1273 3186 .

656 3378 697 3435 et
720 3355 894 3432 orationes
919 3362 1144 3433 vehementer
1170 3374 1325 3453 pugnat,
1385 3379 1446 3434 na.
1462 3380 1554 3429 num.
1568 3380 1629 3449 93.
1645 3361 1688 3432 de
1703 3358 1906 3433 reducendis
1920 3360 1963 3433 ad
1979 3355 2055 3429 iati-

657 3459 865 3535 confirmans
879 3507 891 3540 ,
905 3459 1175 3555 compositionem
1195 3458 1328 3552 hymno·
1385 3453 1501 3527 nitatis
1513 3458 1645 3531 schoias
1659 3460 1823 3554 hymnis,
1842 3474 1878 3530 et
1891 3456 1965 3530 aiiis
1982 3453 2050 3546 spi·

659 3572 905 3634 namnetorum
920 3555 1326 3637 tectestaeosttesubtt·
1385 3551 1567 3629 eituaiibus
1582 3560 1758 3631 decretum
1781 3554 1932 3630 Conciiii
1949 3556 2050 3627 iate·

657 3675 744 3734 nem
773 3678 863 3734 esse,
893 3658 1043 3756 adeoque
1068 3671 1191 3755 parum
1210 3658 1326 3728 cedere
1385 3652 1535 3727 canensis
1550 3656 1613 3728 sub
1631 3657 1744 3729 Leone
1762 3655 1819 3739 x,
1834 3650 2052 3744 exemplum·

656 3757 731 3831 odis
751 3754 977 3839 Horatianis,
1008 3757 1098 3854 quoti
1113 3756 1158 3828 ati
1171 3753 1324 3827 intinita·
1384 3777 1453 3849 que
1484 3752 1692 3839 jesuitarum
1713 3756 1745 3826 in
1775 3750 1939 3846 Hispania
1969 3767 2050 3821 tunc

661 3869 754 3933 tem,
782 3868 815 3923 tt
841 3869 947 3927 artem
977 3856 1149 3927 metricam
1180 3857 1325 3927 attinet.
1385 3849 1604 3926 humaniores
1641 3854 1772 3926 litteras
1814 3848 2052 3947 profitentium

660 3950 701 4025 in
717 3973 788 4031 ouo
801 3973 879 4023 sane
895 3952 1049 4036 hiiitur,
1069 3953 1095 4023 si
1115 3955 1158 4023 de
1177 3954 1326 4048 hymnis,
1382 3948 1529 4043 aliegat.

660 4048 781 4146 quaies
806 4074 869 4121 suo
884 4070 1041 4143 tempore
1069 4051 1327 4144 conspicieban·
1438 4055 1490 4135 (a)
1518 4049 1618 4123 Duae
1651 4048 1807 4145 virguiae
1825 4095 1851 4132 „
1881 4050 2053 4141 praefixae

664 4167 749 4227 tur,
765 4146 942 4238 loquitur.
958 4149 1125 4241 Opinioni
1142 4173 1220 4220 suae
1237 4173 1324 4240 pon·
1389 4144 1539 4221 iudicant
1559 4196 1571 4231 ,
1605 4149 1639 4219 S.
1670 4148 1892 4222 Ambrosium
1936 4144 2053 4222 haberi

662 4250 728 4323 eius
746 4245 863 4327 adiicit
891 4246 1094 4318 auctoritate
1125 4244 1327 4319 Ferdinandi
1360 4318 1362 4321 ,
1388 4262 1565 4317 auctorem
1590 4245 1682 4319 iliius
1697 4246 1815 4343 hymni
1830 4248 1914 4331 ;sed
1930 4265 1969 4320 ut
1984 4244 2057 4337 piu·

661 4345 785 4421 Nuiiea
803 4346 845 4415 de
873 4346 1059 4425 Guzmao,
1088 4346 1246 4416 Pinciant'
1271 4369 1328 4436 ap·
1390 4343 1515 4417 timum
1532 4346 1653 4416 exsoia
1670 4346 1877 4419 auctoritate
1894 4339 2052 4418 Cornelii

665 4446 848 4540 petiatione
867 4441 973 4539 vuigo
988 4441 1143 4534 cogniti,
1177 4441 1210 4515 in
1228 4465 1328 4539 grae·

664 4541 742 4626 cis,
781 4542 959 4636 iatinisque
985 4542 1183 4619 auctoribus
1215 4563 1331 4613 versa·

663 4639 812 4721 tiisimi,
848 4640 906 4736 qui
925 4658 1095 4739 tamquam
1117 4640 1196 4712 iaec
1212 4656 1332 4738 exper-

665 4752 718 4810 ttts
731 4736 918 4828 affirmabat
932 4741 1087 4839 expedire
1096 4740 1236 4811 muitum
1251 4737 1331 4809 reii-

665 4836 767 4936 gioni
792 4839 998 4910 Christianae
1026 4837 1188 4932 hymnos,
1207 4857 1331 4911 otora-

1390 4441 1525 4514 Seuith.
1540 4459 1657 4515 tomm.
1669 4450 1866 4544 p.2.cap.6.
1880 4437 2052 4515 aihtron..

1392 4540 1563 4632 Raduiphi
1593 4551 1732 4644 ‘Propon
1754 4566 1807 4632 ¹3·
1837 4591 1848 4624 ‚
1890 4531 2053 4629 Dionysii

1391 4638 1612 4714 Carthusiani
1639 4692 1650 4725 ,
1676 4639 1880 4719 Ciictovei,
1909 4635 2056 4707 Michae-

1391 4733 1457 4821 iis,
1478 4737 1649 4813 Timothei
1676 4738 1813 4828 loannis
1843 4736 1885 4806 B.
1914 4728 2053 4810 Rubei,

1395 4855 1452 4909 aut
1477 4861 1518 4911 et
1545 4838 1721 4913 breviariis
1736 4832 1908 4926 antiquis,
1931 4849 1966 4901 et
1983 4852 2053 4900 ma·

668 4937 774 5012 tiones
787 4935 830 5005 ad
844 4938 1143 5009 Grammaticorum
1156 4936 1334 5010 scioiasde
1394 4936 1602 5024 suscriptis.
1633 4934 1745 5015 Maior
1771 4933 1853 5005 fides
1870 4930 2054 5005 tribuenda

669 5057 763 5112 most
782 5035 919 5133 antiqno
945 5035 1076 5107 redite.
1108 5039 1239 5110 Rursus
1255 5051 1331 5133 cop.

1392 5051 1445 5107 est
1459 5030 1822 5108 meneuwensis
1838 5077 1851 5103 .
