5084 6234
687 861 770 956 ,u
1126 854 1656 946 nrmuourn

881 1016 953 1106 ιο.
986 986 1093 1077 Ilicet
1122 994 1237 1082 ferox·
1270 999 1419 1086 satelles

894 1136 959 1192 ιι.
1054 1111 1180 1198 Ducit
1213 1115 1309 1203 inde
1341 1120 1545 1234 Martyres

1048 1226 1288 1319 Ad'locum
1324 1236 1456 1352 campi
1489 1256 1724 1353 patentem,

1041 1347 1179 1461 Quem
1210 1352 1663 1455 feruntLaudabilem,

888 1492 955 1552 ιι.
1048 1467 1153 1554 Ense
1183 1475 1454 1561 verberantur
1483 1471 1561 1561 illic
1672 1475 1675 1485 ’

1035 1589 1296 1678 Laursantur
1335 1590 1581 1709 sanguine.

979 1706 1088 1790 Laus
1114 1706 1199 1795 tibi·
1222 1738 1293 1827 per
1325 1717 1446 1797 omna
1476 1711 1635 1828 tempus

1043 1825 1224 1913 Trinitas
1258 1824 1538 1931 indifferens,
1710 1830 1716 1842 ’

1045 1946 1186 2043 Laus,
1216 1947 1382 2045 honor,
1411 1947 1623 2061 virtusque
1651 1974 1841 2049 summa,

1037 2059 1259 2173 Singularis
1287 2063 1455 2180 gloria,
1595 2067 1598 2075 ’

1040 2178 1161 2291 Quae
1194 2182 1331 2268 Deum
1376 2209 1413 2270 te
1443 2181 1674 2270 seculorum

1036 2300 1227 2387 Personet
1257 2330 1329 2417 per
1363 2301 1498 2389 secula
1533 2361 1545 2385 .

587 2460 594 2470 ·
678 2409 859 2529 Hymnus
880 2412 1067 2532 antiquus
1092 2415 1347 2507 modulationi
1375 2418 1638 2536 ronybrmotus
1653 2485 1668 2527 ,
1683 2450 1722 2509 ea
1753 2439 1939 2513 coarctus
1953 2404 2023 2527 (a)
2057 2467 2069 2497 .

682 2654 859 2740 Arimara.
911 2676 949 2733 1.
983 2609 1172 2771 Agente
1205 2685 1349 2750 sancto
1382 2662 1583 2788 Spiritu,

908 2793 948 2851 2.
1045 2774 1209 2860 lnfirma
1242 2782 1316 2890 qui
1348 2785 1616 2882 corroborat,

905 2919 946 3005 3.
1040 2892 1111 2977 Ad
1143 2891 1317 2997 vincla,
1352 2896 1505 3014 flagra,
1535 2899 1704 2988 vulnera

1045 3013 1200 3099 Fratres
1226 3015 1357 3103 tenelli
1384 3018 1604 3109 convolant
1637 3077 1649 3104 .

725 3204 782 3257 ιο.
797 3184 956 3254 Protinus
970 3205 1028 3255 eos
1044 3169 1228 3270 furentes]
1434 3210 1468 3281 3.
1482 3192 1547 3260 Ad
1559 3184 1699 3267 viaria,
1705 3182 1845 3278 flagra,
1869 3191 1902 3248 rt
1915 3176 2072 3292 uulnera.

723 3304 781 3355 ιι.
795 3281 998 3351 Pertralrunt
1017 3282 1205 3357 satellites.
1430 3315 1467 3381 4.
1485 3296 1528 3356 Er
1536 3285 1607 3370 ianr
1621 3298 1762 3378 eruenta
1780 3282 1813 3350 in
1825 3275 1958 3375 praelra
1973 3325 1984 3347 .

545 3460 548 3468 .
725 3377 968 3451 12.Easeillic
987 3378 1236 3454 verberantur.
1445 3393 1534 3467 5.Et
1551 3380 1789 3476 corrueretque
1807 3378 1940 3489 lactea..

672 3476 788 3550 Prima
802 3477 933 3573 syllaba
962 3476 993 3547 in
1005 3472 1198 3576 profitentes
1223 3527 1235 3560 ,
1264 3492 1356 3551 terre·
1441 3485 1476 3550 6.
1495 3481 1615 3552 Stricta
1633 3476 1785 3552 mucroni
1797 3473 1973 3546 subdidit.

673 3591 775 3649 artur
789 3623 800 3659 ,
815 3598 879 3657 eos,
894 3593 928 3647 et
942 3578 1088 3648 secunda
1105 3578 1137 3650 in
1155 3578 1352 3661 saevitiam,
1439 3601 1475 3671 7.
1498 3584 1613 3669 Quam
1628 3577 1775 3649 cbristus
1790 3567 2030 3655 armatffovet,

673 3699 759 3771 quae
788 3676 901 3747 brevis
931 3692 980 3746 est
1005 3723 1016 3757 ,
1050 3676 1136 3749 male
1156 3677 1188 3747 in
1220 3680 1354 3772 hymno
1441 3679 1475 3749 3.
1493 3679 1663 3769 Quamvis
1682 3674 1803 3747 tenello
1819 3674 1853 3743 irr
1870 3682 2030 3784 corpore.

671 3764 882 3867 ‘producitur
904 3802 914 3846 r
930 3772 1090 3847 similiter
1102 3774 1223 3848 ultima
1235 3776 1265 3846 in
1277 3796 1354 3873 pra·
1435 3800 1472 3864 9.
1493 3782 1594 3867 Qae
1607 3772 1741 3862 infirma
1758 3766 1993 3880 serlidrlrgrt.

676 3872 766 3942 tiaras
793 3872 903 3944 minus
928 3890 1020 3945 recte
1040 3873 1270 3967 producitur,
1298 3896 1352 3944 so·
1418 3896 1475 3948 ro.
1495 3875 1656 3953 sitlans,
1678 3887 1850 3969 potestas,
1876 3862 2014 3982 glana·

677 3968 819 4062 lumque
844 3989 986 4064 propter
1018 3995 1192 4044 caesuram
1214 3973 1246 4042 id
1277 3996 1355 4064 pos·
1419 3973 1554 4043 invni
1568 4021 1579 4054 ,
1608 3970 1952 4065 trinoqrrrNrrmrm.
1989 4057 1998 4074 .

672 4082 732 4149 set,
747 4066 914 4139 tolerari.
945 4071 982 4141 ln
997 4067 1088 4142 illico
1111 4093 1128 4141 o
1146 4069 1271 4163 reliqui
1286 4068 1355 4140 lon·
1419 4092 1475 4141 ιι.
1490 4071 1594 4167 Quod
1613 4070 1733 4147 carde,
1761 4059 2082 4148 storrinfaatrrrm.
2207 4131 2212 4140 ,

674 4185 759 4260 gum
779 4168 824 4237 ob
846 4187 1047 4260 caesuram,
1083 4188 1116 4240 et
1132 4171 1214 4240 duas
1230 4190 1351 4239 conso·
1414 4167 1558 4239 Praeter
1599 4165 1758 4240 elisiones
1790 4176 1931 4256 peccant
1963 4179 2083 4268 versus

672 4277 792 4339 nantes
807 4260 966 4335 dictionis
992 4268 1192 4357 sequentis.
1222 4266 1351 4338 Versus
1414 4284 1529 4337 sextus
1547 4315 1558 4348 ,
1593 4284 1628 4337 et
1644 4264 1873 4342 undecimus,
1904 4258 1996 4350 quod
2013 4277 2086 4369 pn·

677 4387 740 4449 a„
769 4385 830 4457 7.,
863 4360 924 4443 8.‚
942 4380 976 4434 et
1007 4384 1062 4434 ιι.
1082 4364 1261 4435 breviores
1275 4381 1353 4435 sunt
1414 4388 1502 4437 mam
1520 4363 1680 4459 syllabam
1712 4363 1743 4433 in
1770 4358 1946 4438 mucroni,
1973 4371 2007 4467 et
2020 4368 2088 4465 trra*

676 4485 744 4535 una
764 4459 922 4559 syllaba,
950 4460 978 4533 si
1001 4461 1066 4533 fiat
1082 4460 1182 4533 elisio
1195 4508 1206 4542 ‚
1219 4479 1256 4533 ut
1278 4462 1351 4533 fieri
1415 4486 1456 4534 no
1473 4462 1660 4555 corripiant
1679 4511 1689 4533 .
1708 4457 1946 4551 Deripiuntur
1964 4451 2093 4544 aliqun-

679 4561 795 4633 debet.
811 4561 849 4632 lu
865 4583 900 4654 4.
919 4581 1021 4632 versu
1037 4562 1225 4652 spondaeus
1248 4560 1351 4633 tertio
1415 4564 1496 4634 dum
1528 4561 1642 4633 statim
1678 4583 1717 4631 ac
1750 4559 1869 4629 vident
1900 4550 2052 4661 vocalem
2069 4582 2088 4631 ,·

682 4654 761 4728 loco
779 4657 918 4749 ponitur
933 4683 996 4752 pro
1010 4663 1194 4733 trochaeo.
1330 4692 1335 4707 ·
1415 4684 1514 4753 quam
1546 4682 1733 4732 consonans
1761 4673 1876 4734 muta,
1906 4673 1943 4721 ac
1959 4649 2088 4759 darnae.

677 4753 949 4848 (aiQuamquam
965 4759 1112 4853 hymnus
1126 4782 1190 4830 non
1212 4774 1262 4830 est
1275 4756 1352 4830 ine·
1413 4758 1544 4853 liquida
1570 4767 2025 4866 sequtrntttr‚·communem
2045 4769 2084 4818 rn-

675 4852 1022 4951 lsgans,errpsllandos
1038 4858 1119 4930 duxi
1137 4861 1198 4929 hos
1214 4880 1349 4943 versus,
1413 4883 1513 4929 versu
1535 4882 1599 4951 pro
1614 4857 1713 4928 libitu
1735 4854 1863 4922 farrunt
1880 4872 1889 4912 ι
1904 4866 1978 4914 mm
1997 4865 2023 4912 ει
2039 4868 2086 4956 ea·

726 4976 759 5026 ι.
776 4949 903 5022 Divina
918 4968 1037 5045 agenta
1053 4957 1204 5052 Spiritu,
1329 4987 1337 4997 ·
1409 4956 1539 5028 vocalis
1572 4973 1691 5026 natura
1723 4951 1823 5040 longa
1853 4959 1926 5022 est,
1957 4963 2085 5035 nequa*

730 5045 1001 5142 neutralium
1017 5054 1311 5129 murdirabarat.
1410 5078 1512 5147 quam
1547 5051 1677 5145 corripi
1710 5060 1825 5141 potest
1840 5090 1852 5117 .
1883 5044 2042 5118 Muretus
2059 5064 2087 5117 ιι
