5084 6234
1124 835 1646 931 HY‘MN'ODIA
1762 886 1778 921 a

933 986 1051 1103 Quin
1085 986 1199 1072 Deus
1228 986 1376 1071 fessum
1416 982 1625 1071 miseratus
1655 983 1825 1089 orbem3

934 1109 986 1191 Et
1022 1133 1162 1221 graves
1196 1132 1314 1191 curas
1349 1103 1604 1205 hominum,
1637 1100 1817 1192 levamen

933 1223 1106 1309 Pallidae
1153 1222 1271 1309 morti
1303 1283 1317 1319 ‚
1345 1221 1614 1336 columenque
1646 1221 1784 1309 fractis
1824 1235 1826 1240 ’

1112 1343 1299 1429 Destinat
1332 1338 1502 1455 aegris.

922 1462 1028 1579 Ergo
1068 1488 1151 1573 qua
1184 1485 1325 1545 caecos
1353 1456 1508 1543 animos
1551 1486 1697 1545 vocare

926 1580 1062 1696 Copia
1095 1576 1195 1663 lucis
1224 1574 1355 1676 solet,
1384 1579 1461 1661 hac
1495 1576 1701 1665 trahentes

925 1697 1123 1815 Imprimit
1152 1723 1326 1793 sensus;
1358 1693 1626 1810 sequiturque
1652 1695 1809 1783 blando

1104 1814 1245 1902 Corde
1278 1811 1504 1899 Camillus.

919 1936 979 2022 Te
1009 1937 1078 2051 pio
1112 1959 1237 2019 cantu
1270 1931 1515 2017 celebremus
1543 1933 1669 2016 omni

914 2053 1096 2139 Trinitas
1125 2078 1256 2151 aevo,
1291 2046 1466 2133 famulos
1495 2075 1712 2167 preoantes

917 2169 1115 2287 Adjuva,
1139 2167 1290 2269 vitam,
1315 2165 1546 2283 dubiosque
1578 2174 1720 2262 mortis

1097 2287 1240 2404 Dirige
1274 2315 1422 2374 casus.
1446 2325 1448 2333 ·

916 2484 1077 2620 Ocius
1108 2554 1258 2644 magno
1289 2526 1436 2615 celeres·
1465 2531 1516 2638 ab
1544 2528 1627 2619 alta

916 2651 1017 2735 Sede
1050 2647 1219 2739 virtutes
1253 2645 1411 2734 subiere
1444 2648 1593 2749 edetur

916 2768 1109 2855 Charitas
1144 2767 1260 2880 longe
1293 2764 1421 2881 praeit
1453 2769 1540 2858 urla
1573 2793 1741 2856 cunctas

1093 2883 1233 2973 Aurea
1266 2884 1377 2968 dotes
1447 2901 1449 2905 ’

912 3003 1107 3091 Charitas
1135 3001 1293 3092 fervens
1330 3064 1344 3102 ,
1374 3000 1550 3120 jaculata
1577 3001 1691 3089 molle
1803 3095 1806 3101 ,

910 3125 1070 3209 Lumen
1101 3117 1347 3225 ‚accensus
1380 3122 1499 3206 rubet
1533 3121 1646 3207 unde
1677 3115 1847 3223 vultus,
1899 3169 1901 3176 ·
2025 3122 2028 3137 ’

910 3239 1025 3337 Cum
1056 3241 1307 3327 redundanti
1359 3266 1473 3326 sacra
1504 3238 1665 3327 flamma
1699 3238 1833 3326 cordis

1088 3356 1246 3441 Emicat
1280 3380 1437 3441 aestu.

910 3475 1005 3592 Igne
1041 3475 1218 3562 caelestis
1245 3473 1346 3562 facis
1376 3473 1604 3576 excitatus,

906 3594 1109 3711 Prodigus
1140 3594 1246 3685 vitae
1280 3594 1423 3682 statuit
1458 3593 1657 3681 Camillus

908 3712 1048 3807 Morte
1066 3713 1280 3802 luctantes
1314 3714 1474 3799 animas
1509 3714 1743 3833 propinqua

1089 3831 1253 3922 Ducere
1285 3833 1339 3918 ad
1371 3860 1474 3919 astra
1509 3868 1556 3916 .·
1670 3897 1672 3902 -

908 3948 1085 4036 Caelites
1118 3952 1191 4067 ipsi
1210 3957 1310 4038 bene
1339 3951 1620 4067 comprobati-s

905 4068 1152 4157 Promovent
1181 4067 1304 4184 signis
1339 4099 1444 4185 opus
1478 4068 1741 4165 institutum,

909 4188 1129 4303 Verbaque
1160 4186 1360 4321 inspirant
1393 4252 1408 4290 ‚
1435 4187 1589 4301 quibus
1625 4210 1741 4302 aeger
1768 4217 1918 4309 aequas
2020 4303 2022 4305 Ι

1087 4308 1284 4394 Praebeat
1314 4337 1460 4395 aures.
2004 4316 2072 4402 Ad

659 4546 880 4619 recitabatur
905 4541 961 4615 die
982 4560 1037 4629 ις.
1068 4541 1179 4625 Iulii,
1210 4543 1268 4637 qui
1284 4563 1334 4617 est
1408 4544 1527 4625 melo,
1554 4543 1837 4637 ideoquelestum
1871 4549 1906 4618 S.
1922 4543 2075 4623 Camilli.

664 4646 736 4716 dies
754 4645 947 4736 designatus
962 4665 1024 4734 pro
1041 4640 1223 4732 Religionis
1237 4642 1331 4713 Con·
1406 4644 1603 4715 translatum
1618 4663 1669 4716 est
1690 4648 1730 4716 ad
1746 4646 1837 4717 diem
1856 4649 2065 4726 21.eiusd‘em

660 4740 872 4835 -gregationis
887 4740 1154 4813 ministrantium
1175 4741 1329 4814 infirmis.
1403 4742 1549 4813 mensis.
1591 4743 1759 4815 Ceterum
1802 4738 1878 4814 cum
1908 4744 1975 4812 hoc
1999 4760 2066 4833 ego

666 4840 708 4913 In
723 4838 893 4934 breviario
911 4839 1065 4911 Romano
1080 4841 1264 4913 destinatus
1278 4857 1329 4912 est
1400 4839 1516 4911 labore
1531 4841 1708 4914 defunctus
1723 4842 1860 4911 fuissem
1876 4887 1887 4919 ‚
1923 4837 2009 4910 alius
2023 4845 2066 4909 e'x

661 4937 740 5008 dits
759 4937 814 5005 18.
827 4936 908 5019 julii
925 4942 1018 5032 apud
1033 4939 1203 5029 Hispanos
1218 4941 1330 5030 impe·
1361 4997 1363 5003 .
1399 4939 1569 5030 prioribus
1586 4940 1734 5033 hymnis
1764 4938 1928 5028 quaedam
1958 4984 1970 5017 ‚
2001 4936 2063 5014 viz

666 5035 757 5108 ditus
774 5036 860 5108 festo
881 5035 924 5108 Β.
943 5034 993 5108 Μ.
1012 5037 1163 5130 Virginis
1179 5042 1220 5112 de
1237 5038 1338 5110 cao·
1394 5060 1503 5129 pauca
1531 5039 1695 5110 verbosar-
1717 5037 1800 5108 meis
1814 5033 1962 5116 retinens
1989 5053 2059 5107 tres
2091 5034 2095 5043 '
