5084 6234
1735 868 2835 966 HISPANICA

3508 891 3684 985 279

1374 1020 1535 1106 Sed
1588 1017 1794 1107 redit
1845 1017 1971 1109 fas
2000 1081 2032 1123 ,
2087 1042 2165 1105 et
2270 1016 2464 1101 ictas
2513 1011 2858 1118 revixit,

1381 1140 1488 1228 Et
1533 1139 1728 1227 fides
1784 1161 2007 1230 casto
2066 1134 2432 1224 redimita
2485 1131 2715 1218 cultu
2750 1194 2779 1234 ,

1241 1284 1330 1370 3.
1390 1256 1562 1345 Pax
1594 1307 1623 1360 ,-
1666 1237 2018 1376 pudffl,
2066 1283 2389 1343 morum
2433 1250 2795 1367 probitas
2823 1312 2853 1358 ,
2910 1273 2992 1342 et
3046 1251 3292 1367 aequi

1739 1374 2102 1462 Conscia
2161 1374 2421 1466 virtus
2456 1425 2483 1453 .

1387 1492 1739 1613 Hispalis
1786 1494 2096 1581 clarum
2142 1491 2389 1612 jubar
2436 1482 2735 1574 Isidore
2766 1553 2799 1595 ‚

1385 1614 1667 1700 Redde
1729 1605 2119 1715 virtutes,
2175 1611 2390 1699 vitiis
2445 1604 2838 1717 repulsis,

1388 1733 1543 1818 Fac
1599 1752 1676 1816 et
1729 1729 1840 1813 ad
1885 1731 2189 1845 priscos
2238 1724 2575 1814 redeant
2626 1728 2948 1813 caduca

1745 1850 2030 1935 Secula
2080 1875 2340 1934 mores
2375 1904 2400 1931 .
2711 1941 2720 1951 ,

1397 1968 1618 2051 Haec
1674 1990 1902 2083 rogat
1947 1995 2214 2054 sacras
2276 1990 2419 2054 tua
2453 1989 2651 2080 gens
2700 1964 2811 2049 ad
2869 1991 3051 2049 aras
3084 2019 3116 2063 ,

1395 2086 1627 2170 Dum
1693 2084 1882 2173 Deo
1942 2116 2140 2177 vero
2205 2084 2340 2203 pia
2400 2109 2593 2173 vota
2658 2081 3091 2186 fundunt,

1397 2203 1576 2318 Qui
1632 2203 1777 2292 tibi
1827 2206 2121 2291 festum
2173 2225 2580 2319 peragunt
2645 2225 2995 2288 ovantes

1763 2321 2027 2407 Baetis
2087 2318 2458 2405 alumni.

1403 2441 1679 2542 Laus,
1739 2436 2014 2524 honor
2046 2500 2076 2540 ,
2128 2435 2393 2527 virtus
2453 2433 2599 2525 tibi
2663 2434 2767 2523 sit
2796 2432 3235 2553 perennis,

1402 2554 1645 2643 Celsa
1709 2556 2095 2674 Maiestas
2156 2556 2592 2643 hominum
2650 2553 2992 2642 creatrix
3022 2615 3052 2656 ,

1412 2673 1692 2788 Quem
1739 2674 2020 2760 Deum
2074 2674 2386 2762 trinum
2430 2675 2846 2763 celebrant
2874 2736 2905 2778 ,
2951 2694 3032 2762 et
3091 2698 3363 2759 unum

1767 2794 1944 2883 Rite
1998 2793 2272 2882 fideles
2308 2856 2334 2881 .

933 3021 1065 3109 Ad
1094 3023 1378 3112 Iauds:
1412 2985 1650 3147 Qui
1696 3053 1926 3144 pater
1984 3032 2277 3115 charos
2341 3030 2693 3145 populos
2744 3025 3133 3140 relinquis

1413 3150 1720 3234 Missus
1773 3144 1883 3229 ad
1947 3146 2230 3231 celsam
2289 3146 2671 3262 Legionis
2723 3147 3076 3245 urbem,

1428 3265 1669 3379 Quae
1734 3263 1877 3351 tibi
1936 3263 2104 3350 fido
2172 3264 2449 3385 posuit
2515 3269 2871 3353 Patrono

1775 3385 2023 3505 Regia
2101 3385 2388 3506 templa
2425 3380 2473 3470 *ἓ

946 3601 1430 3678 saraugustano
1455 3606 1606 3680 post
1646 3589 2119 3663 Mabillonium
2154 3586 2271 3660 tri.

950 3683 1165 3752 buunt
1200 3684 1396 3754 multi
1456 3704 1833 3767 nostrates,
1891 3705 1959 3758 et
2023 3686 2266 3770 exteri,

953 3782 1134 3868 quod
1199 3805 1236 3850 e
1286 3782 1406 3852 SS.
1434 3782 1753 3855 Patribus
1811 3783 2071 3877 primus
2127 3807 2271 3857 sen·

956 3879 1191 3948 sentias
1224 3878 1577 3976 collegerit
1612 3930 1633 3963 ,
1684 3884 1765 3953 ad
1818 3885 2011 3967 cuius
2041 3906 2272 3954 exem·

955 3969 1105 4062 plat·
1157 3976 1400 4052 Petrus
1459 3982 1882 4054 Lombardus
1912 3983 2271 4053 sententia-

953 4088 1102 4139 rum
1185 4072 1384 4149 libros
1459 4078 1938 4170 conscripserit
1985 4127 2009 4163 ,
2062 4079 2283 4152 Isido-

964 4176 1329 4278 ro·potius
1378 4179 1749 4260 adiudicari
1811 4178 2018 4252 velim
2049 4180 2276 4252 .Nem

958 4266 1294 4377 quidquid
1331 4272 1456 4357 sit,
1485 4301 1564 4347 an
1619 4279 2102 4352 sententiarum
2135 4279 2281 4349 Ma-

956 4380 1169 4473 gister
1233 4365 1462 4441 Libros
1543 4377 2018 4449 sententiarum
2075 4377 2281 4457 ‘laio-

960 4482 1062 4533 ms
1127 4471 1697 4554 perlustraverit,
1757 4477 2030 4548 minime
2079 4474 2285 4546 dubi-

960 4575 1035 4631 to
1091 4610 1114 4642 ,
1166 4566 1326 4654 quin
1383 4568 1551 4647 Taio
1605 4572 1748 4661 ipse
1811 4575 1878 4645 S.
1947 4577 2284 4647 Isidorum

962 4678 1237 4733 secutus
1289 4662 1496 4735 fuerit
1556 4669 1797 4738 ducem
1840 4720 1864 4744 .
1907 4673 2292 4744 Conferan-

961 4774 1076 4829 tur
1130 4765 1606 4836 sententiarum
1647 4766 1831 4838 Libri
1869 4770 2139 4849 ‘saionis
2175 4777 2288 4841 To·

962 4876 1068 4926 mo
1117 4878 1230 4947 3¹·
1291 4865 1653 4961 Hispaniae
1704 4890 1931 4938 sacrae
1959 4893 2116 4940 cum
2159 4866 2284 4938 tri-

966 4948 1094 5025 bus
1142 4964 1621 5037 sententiarum
1658 4967 1881 5039 Libris
1910 4969 1980 5039 S.
2008 4965 2283 5050 Isidori,

967 5066 1038 5120 et
1093 5077 1304 5135 ovum
1362 5087 1503 5138 ovo
1548 5066 1844 5140 similius
1872 5089 2013 5143 esse
2052 5064 2282 5162 quivis

2393 3584 2670 3682 negabit
2729 3634 2752 3656 .
2817 3585 2896 3655 In
2958 3587 3259 3659 editione
3345 3582 3720 3660 Librorum

2390 3682 2877 3758 sententiarum
2922 3679 2987 3749 8.
3019 3680 3263 3756 Isidori
3298 3704 3456 3752 cum
3495 3707 3730 3757 emen-

2390 3779 2827 3862 dationibus,
2888 3781 3163 3854 etuotis
3218 3777 3503 3854 Garsiae
3549 3784 3727 3856 Loa-

2388 3904 2552 3978 ysae
2598 3900 2781 3951 >anno
2806 3891 3059 3979 '1593.
3088 3873 3368 3949 Taurini
3400 3876 3471 3951 in
3530 3906 3610 3979 4.
3639 3882 3727 3954 ad

2398 3978 2774 4071 marginem
2843 3973 3229 4052 indicantur
3290 3973 3440 4049 loca
3476 3980 3544 4049 S.
3579 3979 3731 4052 Au-

2403 4075 2657 4173 gustini
2700 4123 2727 4158 ,
2787 4088 2860 4147 et
2916 4074 2985 4151 S.
3014 4073 3392 4171 Gregorii,
3424 4098 3511 4151 ex
3564 4073 3727 4172 qui-

2399 4179 2526 4249 bus
2581 4172 2953 4249 sententiae
3015 4193 3171 4248 sunt
3222 4178 3674 4269 depromptae
3704 4220 3732 4258 ,

2401 4273 2500 4346 uti
2555 4272 2810 4347 accidit
2862 4271 2930 4345 in
2991 4274 3211 4348 Libris
3264 4273 3590 4356 Taionis.
3648 4271 3752 4348 In.

2371 4369 2549 4446 'aliis
2599 4371 3031 4447 Editionibus
3098 4371 3593 4467 posterioribus
3657 4363 3737 4442 id

2405 4471 2729 4545 desidero
2799 4520 2822 4554 ,
2889 4490 2958 4545 et
3032 4468 3351 4561 suspicor
3407 4517 3430 4546 ,
3506 4486 3736 4562 raram

2408 4596 2557 4644 esse
2654 4568 3026 4643 editionem
3113 4565 3293 4637 illam
3364 4564 3741 4638 Taurinen·

2408 4693 2554 4742 sem
2587 4720 2610 4753 ,
2637 4692 2793 4741 curn
2837 4667 2902 4738 in
2935 4666 3170 4759 elogio
3199 4665 3484 4737 Garsiae
3519 4666 3744 4763 Loay-

2408 4792 2519 4841 sae
2552 4794 2590 4839 a
2616 4767 2913 4840 Nicolao
2968 4763 3273 4836 Antonio
3302 4762 3512 4836 fuerit
3535 4785 3738 4858 prae-

2406 4865 2717 4938 termissa
2786 4912 2809 4937 .
2876 4866 3077 4937 Extat
3163 4860 3437 4936 Romae
3482 4861 3548 4933 in
3616 4856 3738 4931 Bi-

2401 4963 2748 5038 bliotheca
2774 4961 3230 5039 Alexandrina
3256 5011 3280 5033 .
3330 4965 3590 5053 Lnaysa
3622 4977 3734 5049 np-

2400 5064 2953 5151 tat‚S.12idorum
2977 5063 3115 5138 &G
3126 5061 3398 5159 regorio
3426 5053 3730 5533 11²7*
