5084 6234
507 798 651 930 ¹132
986 805 1563 899 DEHYMNIS'

416 943 418 946 ’
506 1012 508 1015 ⁴
562 957 684 1044 Duce
708 952 944 1037 Mantuano
963 950 1189 1066 impulsus,
1223 950 1292 1037 cui
1311 979 1378 1035 eos
1396 947 1565 1038 offerens
1582 949 1667 1054 ait;
1694 956 1812 1041 Same
1839 956 1948 1052 datie,

504 1102 521 1123 ‘
561 1098 640 1162 ate
656 1075 812 1186 scriptor
825 1072 919 1155 milri
933 1071 1079 1188 legibus
1093 1074 1284 1185 byrnnos3
1317 1098 1459 1186 nempe
1478 1069 1590 1158 latini
1621 1074 1815 1159 sermonis
1831 1074 1943 1161 nito-

563 1222 677 1291 rem,
699 1190 1054 1301 harmonicarnque
1074 1188 1188 1272 metri
1208 1215 1437 1273 mensuram
1455 1214 1592 1275 exacte
1609 1188 1863 1280 observavit.
1888 1198 1953 1284 Et-

561 1308 748 1425 quamvis
781 1306 932 1391 Mureti
951 1307 1132 1392 carmina
1149 1330 1312 1393 tantum
1329 1302 1375 1386 in
1404 1304 1490 1419 ejus
1506 1307 1770 1410 orationum,
1802 1335 1841 1396 et
1853 1311 1941 1429 epi-

557 1431 752 1515 stolarum
767 1425 936 1539 gratiam
951 1426 1136 1541 legantur
1154 1485 1167 1524 ,
1199 1423 1342 1538 hymni
1360 1449 1490 1507 tamen
1511 1427 1613 1510 inter
1630 1450 1759 1514 cetera
1774 1456 1940 1543 poema-

559 1572 600 1637 ta
621 1576 706 1632 non
736 1543 921 1628 ultimum
946 1543 1080 1629 locum
1101 1545 1283 1631 habente
1310 1540 1513 1657 sedpauci
1548 1572 1718 1630 numero
1735 1568 1863 1648 sunt,
1895 1572 1935 1636 et
2023 1614 2030 1633 .

559 1665 738 1782 plerique
757 1661 991 1779 asclepiadei
1009 1724 1022 1763 ,
1057 1690 1144 1746 non
1162 1690 1297 1751 tamen
1315 1689 1485 1763 omnes,
1514 1685 1563 1747 ut
1576 1659 1730 1776 scripsit
1744 1663 1942 1775 Guyetus

559 1779 841 1897 Heottologiae
855 1809 943 1897 cap.
960 1813 999 1893 5.
1016 1780 1085 1868 lib.
1098 1811 1138 1892 3.

625 1931 675 2014 15
681 1928 718 2012 5.
736 1904 834 1982 Non
851 1898 976 1983 multo
991 1924 1081 2011 post
1098 1898 1140 1978 S.
1164 1898 1280 1981 Pium
1297 1901 1353 1983 V.
1370 1898 1413 1982 in
1432 1926 1580 1985 novam
1597 1894 1782 1987 breviarii
1800 1927 1950 1986 corre-·

558 2019 735 2105 ctionem
766 2016 953 2102 Clemens
969 2019 1074 2130 Papa
1103 2015 1212 2098 Vlll.
1232 2016 1451 2117 incubuit,
1477 2016 1547 2130 (a)
1564 2015 1681 2131 cujus
1710 2013 1764 2099 rei
1795 2046 1939 2105 causae

561 2135 735 2256 explicat
747 2134 793 2222 in
819 2130 1139 2237 constitutione,
1170 2164 1276 2253 quae
1296 2135 1468 2257 incipit,
1503 2134 1599 2223 Cum
1616 2133 1660 2220 in
1683 2133 1851 2221 Falesia
1868 2127 1943 2224 co⁴¹

558 2352 713 2432 Antonio
729 2352 762 2423 in
777 2349 931 2424 Bibmov.
946 2349 1215 2423 Correctaribus
1275 2353 1393 2430 miani,
1420 2352 1500 2424 item
1533 2361 1572 2438 lt.
1592 2348 1766 2426 milvii
1799 2353 1936 2425 carituri

516 2494 517 2497 =
556 2449 717 2523 breviarii
732 2452 938 2543 adjungam,
965 2446 1029 2518 nisi
1045 2451 1138 2541 quod
1155 2473 1215 2518 an·
1275 2449 1508 2543 castigationes
1536 2450 1570 2519 irs
1597 2447 1761 2543 hymnos.
1791 2446 1935 2525 Fulvius

560 2559 698 2641 tequam
726 2564 813 2618 esset
850 2544 1071 2627 absolutum,
1098 2549 1129 2616 in
1156 2568 1214 2637 pa·
1275 2544 1572 2629 CardulusS.l.,
1605 2546 1851 2639 quantumhac
1883 2548 1936 2620 fa·
1976 2612 1978 2616 .

559 2647 658 2717 triam
676 2666 831 2722 reversus
844 2662 920 2714 est.
1273 2647 1400 2716 cultate
1420 2642 1592 2733 polleret,
1618 2642 1794 2733 specimen
1823 2645 1930 2717 dede·

608 2748 659 2833 (a)
687 2742 743 2811 De
775 2738 1006 2811 Correctione
1049 2740 1209 2811 breviarii
1274 2742 1372 2813 tatin
1402 2740 1538 2835 hymnis
1563 2738 1697 2811 insertis
1712 2737 1865 2811 libelloa
1893 2765 1933 2816 se

454 2878 465 2891 =
555 2840 649 2928 iussu
664 2839 858 2912 Clementis
875 2837 974 2924 Vlll.
988 2854 1122 2927 peracta
1139 2862 1212 2911 eru·
1269 2837 1566 2911 exaratorl’ossio
1582 2844 1638 2906 55.
1654 2837 1843 2929 Martyrum
1862 2844 1932 2912 Ge.

557 2937 630 3020 dite
646 2937 717 3030 agit
733 2936 896 3007 Odoacer
910 2934 1109 3016 llbachius,
1135 2937 1210 3007 rive
1269 2936 1361 3018 tuli,
1387 2935 1549 3005 amantii
1561 2982 1573 3016 ,
1600 2932 1770 3014 cereolis,
1804 2936 1929 3007 Primi·

550 3033 703 3118 ,lacobus
745 3033 952 3106 Liderchius
979 3030 1206 3127 Congregat.
1268 3035 1361 3116 rivi,
1390 3032 1628 3129 symphorosae
1645 3054 1687 3102 oe
1718 3044 1841 3127 septem
1870 3036 1927 3105 rs·-

554 3135 709 3205 Orator.
739 3141 833 3202 Acta
854 3138 909 3204 SS.
921 3139 1111 3225 Martyrum
1126 3133 1205 3204 vis·
1268 3131 1390 3203 liorum
1406 3180 1416 3212 ,
1432 3132 1543 3211 notis,
1561 3144 1594 3200 et
1608 3126 1868 3223 digressionibus
1887 3131 1932 3204 il·

554 3230 663 3302 dicata
680 3228 751 3303 Lib.
769 3235 802 3298 6.
819 3244 956 3325 cop.9.,
991 3242 1023 3298 et
1044 3252 1129 3300 ro..
1156 3231 1206 3302 Ex
1266 3229 1410 3302 lustrato
1424 3239 1561 3315 Jtomoe
1578 3229 1683 3310 1588.
1698 3229 1830 3324 pagine
1849 3230 1934 3304 180.

554 3327 745 3411 codicibus
761 3327 856 3399 MSS.
871 3325 1107 3397 Bibliothecae
1124 3326 1205 3399 Val·
1265 3343 1327 3399 ete.
1345 3327 1422 3397 Cur
1438 3346 1552 3397 autem
1581 3324 1778 3397 Cardinalis
1805 3326 1932 3413 silvii,

554 3423 729 3499 licellanae
747 3422 875 3504 tradit,
895 3422 1202 3494 animadversiones
1264 3444 1299 3496 et
1312 3424 1352 3493 P.
1368 3422 1481 3495 Fulvii
1498 3438 1640 3494 conatus
1663 3420 1696 3494 in
1713 3421 1852 3495 irritum
1869 3425 1928 3497 ce·
1948 3501 1951 3507 ,

552 3524 594 3595 ad
613 3547 685 3594 eam
701 3521 948 3594 correctionem
962 3520 1202 3612 perficiendam
1261 3519 1435 3602 ciderint,
1454 3520 1542 3593 ratio
1558 3518 1629 3614 peti
1644 3537 1759 3612 potest
1773 3543 1814 3591 ex
1831 3544 1922 3611 prae·

555 3643 598 3693 ex
631 3619 824 3712 Hispanitis
851 3618 1010 3693 Ecclesiis
1044 3618 1202 3702 venisse,

553 3741 640 3815 quae
655 3720 765 3797 adhuc
779 3718 812 3788 in
826 3740 864 3788 ea
878 3716 1090 3790 Bibliotheca
1104 3740 1204 3791 asser·

552 3837 675 3888 rantur
689 3864 700 3898 ,
716 3833 751 3888 et
769 3818 970 3913 aquodam,
1000 3816 1134 3909 inquit,
1160 3824 1202 3888 P.
1223 3870 1224 3873 ,

553 3915 756 4006 Hieronymo
771 3917 811 3986 de
822 3914 854 3983 la
869 3916 1022 4009 Hiquera
1034 3911 1204 3987 concinne·

550 4024 605 4081 tae
619 4009 778 4107 leguntur
791 4059 801 4081 .
815 4013 967 4105 Higaera
980 4014 1129 4083 scribere
1147 4014 1204 4083 de·

497 4195 502 4205 ἱ
526 4130 528 4133 ’
551 4107 652 4192 buit3
683 4133 791 4202 neque
806 4107 894 4181 enim
910 4109 1097 4201 oportuit,
1124 4107 1201 4178 Vin·

552 4205 622 4280 dici
639 4214 808 4278 Actorum
823 4212 975 4277 Veterum
1004 4213 1058 4275 tr.
1073 4214 1203 4299 Marty-

550 4326 625 4377 rsm
641 4303 797 4399 ignotum
810 4326 880 4374 esse
895 4303 933 4375 Ρ.
948 4302 1203 4398 Hieronymum

551 4404 687 4478 Roman
704 4402 747 4473 tle
762 4401 794 4475 la
824 4400 1005 4494 Higueta,
1034 4404 1155 4473 nomen
1171 4401 1204 4472 in

551 4500 702 4573 historiis
718 4499 862 4594 antiquis
875 4496 1110 4572 ecclesiasticis
1126 4523 1205 4589 pro·

550 4599 714 4692 prgandis
745 4595 1044 4672 famosum.ldem
1076 4600 1204 4670 Lader·

442 4719 444 4723 ’
551 4695 648 4767 chius
664 4696 753 4766 inter
766 4718 921 4769 censuras
934 4744 947 4779 ‚
960 4719 1047 4790 quae
1061 4698 1092 4768 in
1106 4696 1203 4769 eodi-

549 4789 647 4865 cibus
677 4791 765 4864 MSs.
780 4792 1010 4867 vallicellanis
1028 4794 1203 4886 reperiar«

549 4904 627 4973 tut,
638 4908 813 4961 enumerat
829 4893 1150 4965 animadversiones
1165 4894 1202 4965 io

547 4988 684 5085 hymnos
711 4984 878 5065 breviarii
903 4996 948 5075 D.
967 4988 1069 5068 Silvii
1082 5003 1198 5091 mam·

1263 3619 1390 3691 latione
1434 3616 1532 3698 MS„
1563 3620 1659 3700 cuius
1696 3616 1925 3709 fragmentum

1262 3715 1420 3812 vulgavit
1451 3713 1858 3813 Ladercbiurtap.X1.„
1887 3718 1929 3789 ln

1263 3820 1368 3900 „hac
1397 3813 1559 3887 breviarii
1599 3815 1813 3886 correctione
1847 3816 1930 3894 data

1263 3930 1353 3995 „est
1368 3934 1497 4004 opera,
1524 3931 1675 4003 utquam
1691 3909 1829 3985 minima
1846 3937 1924 3998 mu·

1262 4056 1289 4093 ,‚
1305 4010 1389 4082 tatio
1404 4010 1526 4081 fieret.
1553 4007 1672 4101 Quare
1688 4011 1781 4101 quod
1799 4011 1924 4087 attinet

1262 4155 1287 4191 ,‚
1302 4110 1345 4178 ad
1362 4106 1498 4200 hymnos
1513 4154 1525 4189 ,
1553 4106 1613 4201 qui
1625 4128 1748 4200 magna
1772 4125 1927 4205 exparte

1263 4252 1289 4291 „
1311 4218 1437 4277 starent
1451 4203 1621 4275 erroribus
1637 4203 1847 4299 syllabarum
1863 4257 1875 4291 ‚
1889 4232 1930 4282 es

1263 4351 1292 4388 ‚,
1309 4303 1420 4379 colum
1450 4305 1685 4385 mutavimus,
1711 4327 1801 4397 quae
1829 4308 1937 4378 vide·¹

1264 4449 1289 4486 „
1305 4404 1428 4477 bantur
1441 4418 1552 4472 errata
1572 4398 1838 4483 titanorum,
1865 4400 1923 4474 rel

1263 4547 1289 4584 „
1305 4524 1390 4595 quae
1405 4513 1561 4592 poterant
1576 4499 1675 4574 unius
1691 4500 1848 4581 litterae,
1863 4496 1922 4570 vel

1263 4599 1456 4692 „syllabae
1483 4596 1673 4672 mutatione
1700 4592 1858 4673 restitui,
1884 4616 1926 4669 ac

1262 4741 1288 4779 „
1303 4695 1507 4790 praesertim
1531 4696 1562 4768 in
1577 4694 1712 4793 hymnis
1732 4691 1923 4775 Ambrosii,

1261 4839 1290 4881 „
1303 4812 1338 4866 et
1363 4793 1571 4875 Prudentii,
1600 4811 1761 4886 quassos
1788 4800 1927 4863 estere·

1260 4940 1287 4979 „
1304 4890 1495 4974 arithmis
1510 4886 1676 4961 erroribus
1692 4886 1737 4960 ab
1751 4888 1852 4963 initia
1860 4886 1921 4979 fis·

1257 5038 1285 5079 „
1296 4993 1364 5069 irre
1377 4987 1613 5093 conpensat„
1629 5025 1643 5061 ι
