5084 6234
577 987 620 1048 „2
639 942 841 1059 Episcopo
854 939 1083 1026 Athanasio
1106 970 1225 1056 saepe
1255 942 1355 1028 mihi
1381 942 1536 1029 dictum
1559 942 1849 1040 commemini,
1878 942 1953 1058 qui

578 1121 609 1163 „
642 1086 721 1147 tarn
738 1059 900 1142 modico
916 1057 1022 1142 flexu
1038 1058 1148 1146 vocis
1159 1060 1330 1148 faciebat
1345 1090 1490 1146 sonare
1526 1061 1707 1147 lectorem
1722 1056 1859 1178 psalmi
1877 1121 1890 1154 ‚
1906 1088 1954 1149 ut

577 1235 607 1280 ,‚
636 1176 930 1295 pronuntianti
948 1174 1124 1264 vicinior
1138 1202 1373 1290 esset,quam
1388 1180 1566 1265 canenti.
1586 1183 1851 1284 Verumtamen
1865 1209 1950 1291 curn

579 1339 619 1399 „⁹
639 1296 873 1381 reminiscor
894 1295 1092 1405 lacrymas
1106 1323 1240 1395 meas,
1273 1295 1481 1407 quasiudi
1512 1298 1566 1381 ad
1594 1324 1743 1384 cantus
1758 1296 1953 1383 Ecclesiae

579 1474 609 1516 „
632 1439 732 1501 tuae
749 1413 793 1496 in
820 1411 1050 1528 primordiis
1084 1437 1343 1528 recuperatae
1363 1413 1455 1498 fidei
1488 1444 1630 1513 meae,
1661 1441 1700 1499 et
1734 1445 1846 1501 nunc
1866 1415 1952 1529 ipso

579 1591 610 1636 „
640 1533 755 1645 quod
771 1560 934 1617 moveor
952 1559 1037 1615 non
1055 1559 1179 1614 cantu
1190 1589 1203 1630 ,
1221 1529 1293 1613 sed
1311 1534 1456 1633 rebus,
1472 1561 1576 1646 quae
1593 1556 1813 1617 cantantur
1831 1591 1844 1629 ,
1867 1562 1953 1617 ma·

578 1710 607 1754 2,
635 1680 754 1765 guam
774 1651 935 1737 instituti
950 1648 1064 1761 httjus
1077 1648 1278 1734 utilitatem
1296 1681 1425 1736 rursus
1438 1679 1603 1769 agnosco
1618 1712 1648 1750 ,‚
1669 1710 1679 1731 .

641 1797 710 1886 73.
729 1825 760 1870 „
793 1773 850 1855 lta
870 1768 1022 1855 fluctuo
1039 1767 1142 1853 inter
1157 1768 1380 1879 periculum
1396 1767 1611 1883 voluptatis
1626 1830 1640 1867 ‚
1657 1792 1694 1852 et
1710 1767 1957 1883 experimen·

416 1887 420 1894 ¹
501 1907 506 1916 '
578 1915 728 1989 „tum
743 1886 986 1973 salubritatis
1002 1917 1016 1985 3
1038 1884 1233 2002 magisque
1247 1887 1416 1970 adducor
1438 1918 1514 1970 uon
1531 1885 1678 1998 quidem
1696 1884 1954 1970 irretractabi-

581 2064 610 2105 „
639 2008 711 2090 lem
728 2005 951 2088 senteutiam
965 2001 1159 2118 profereus
1175 2003 1354 2086 cantandi
1369 2001 1894 2116 consuetudinem'approltare
1910 2003 1953 2085 iu

583 2181 612 2222 ,‚
640 2121 807 2206 Ecclesia
824 2151 838 2220 ς
857 2148 901 2204 ut
909 2152 978 2237 per
992 2122 1257 2209 oblectaaeata
1273 2120 1422 2204 aurium
1438 2120 1623 2212 infirmior
1635 2120 1788 2203 animus
1803 2120 1845 2202 ia
1861 2120 1955 2234 affe·

580 2297 610 2340 ,‚
641 2262 741 2324 ctum
752 2238 908 2352 pietatis
926 2263 1125 2353 assurgat.
1141 2237 1297 2320 Tamen
1315 2266 1410 2322 cum
1426 2237 1522 2322 mihi
1540 2237 1714 2337 accidit,
1733 2265 1779 2324 ut
1797 2266 1857 2320 me
1875 2267 1955 2319 am·

578 2412 608 2457 „
639 2356 745 2471 plius
761 2381 931 2454 cantus,
951 2383 1075 2469 quam
1094 2384 1185 2455 res,
1216 2385 1320 2467 quae
1337 2354 1521 2454 canitur,
1549 2378 1736 2454 moveat,
1766 2353 1954 2471 poenali·

505 2479 513 2489 “
579 2533 609 2574 .,
630 2498 698 2559 ter
723 2502 784 2556 me
800 2501 965 2589 peccare
995 2473 1191 2557 confiteor
1206 2530 1219 2570 ,
1234 2498 1271 2556 et
1287 2503 1378 2560 tunc
1392 2472 1538 2555 mallem
1555 2502 1633 2556 uon
1646 2473 1776 2556 audire
1795 2501 1957 2558 cantan-

579 2645 611 2691 ,,
641 2621 714 2674 tem
735 2652 763 2690 ,‚
782 2651 792 2673 .
812 2592 884 2674 His
902 2589 1145 2703 argumentis
1160 2592 1198 2672 S.
1216 2592 1473 2705 Augustinus
1492 2588 1663 2672 nuncin
1682 2590 1817 2687 hanc,
1839 2619 1954 2675 nunc

581 2706 625 2788 in
646 2706 752 2790 illarn
767 2706 921 2820 rapitur
938 2706 1179 2791 sententiam
1197 2734 1209 2804 ;
1224 2736 1347 2827 quem
1361 2735 1493 2793 tamen
1513 2704 1767 2813 modulatum
1782 2735 1954 2790 concen-

581 2846 670 2909 tum
688 2823 916 2940 praetulisse
937 2887 950 2923 ‚
968 2852 1059 2907 vere
1077 2822 1273 2909 affirmare
1289 2855 1479 2941 possum,
1510 2823 1654 2908 ducem
1671 2847 1867 2935 sequutus
1883 2822 1956 2906 lsi-

580 2939 730 3025 dorum
744 2938 818 3058 (1)
834 3004 862 3041 „
891 2940 1147 3027 Beatissimae
1163 2942 1421 3058 Augustinus
1438 2941 1480 3023 in
1512 2939 1620 3026 libris
1650 2939 1954 3026 confessionum

580 3115 610 3159 o
639 3089 808 3143 suarum
837 3058 1174 3145 consuetudinem
1201 3063 1402 3176 'approbat
1418 3057 1592 3143 canendi
1610 3057 1653 3140 in
1671 3057 1873 3156 Ecclesia,
1905 3081 1955 3145 ut

582 3236 611 3277 ,‚
634 3207 707 3289 per
720 3178 1027 3262 oblectamentum
1053 3176 1202 3261 aurium
1218 3177 1392 3295 infirmus
1406 3176 1557 3261 animus
1569 3178 1622 3260 ael
1634 3178 1813 3293 affictum
1826 3175 1956 3294 pieta·

578 3351 611 3396 „
640 3292 689 3378 tis
703 3320 889 3411 exsurgat
905 3355 933 3395 ,‚
954 3355 964 3378 .
997 3294 1129 3410 Quod
1145 3322 1205 3377 res
1225 3294 1310 3413 ipsa
1328 3293 1569 3380 confirmat.

1039 3633 1047 3643 ,
1162 3530 1197 3652 a.
1243 3534 1390 3622 xva

657 3798 666 3813 ,
780 3706 970 3831 Frequens
983 3709 1253 3800 modulationis
1282 3716 1503 3829 hymnorum
1538 3706 1765 3803 consuetudo

836 3833 928 3955 aute
949 3828 982 3915 S
984 3891 993 3911 .
1015 3832 1047 3917 C
1045 3827 1263 3949 ltrysostomi
1280 3852 1448 3948 tempora
1466 3835 1671 3919 invaluerat
1695 3895 1706 3916 .

587 4030 656 4120 ῃ.
687 3946 843 4117 ltaque
859 4032 960 4092 recte
989 4008 1178 4092 concludi
1209 4031 1364 4121 potest,
1397 4010 1675 4095 harmonicum
1705 4011 1957 4121 hymnorum
2001 4068 2031 4124 ·.

584 4119 835 4208 concentum
861 4121 1025 4239 fereper
1042 4155 1182 4209 ornnes
1211 4126 1429 4212 occidentis
1451 4126 1644 4213 Ecclesias
1664 4125 1779 4240 juxta
1806 4155 1960 4213 morem

582 4238 841 4359 orientalium
855 4238 975 4325 fuisse
990 4263 1257 4359 propagatum
1277 4305 1287 4327 .
1306 4247 1403 4328 Non
1434 4245 1529 4331 levis
1546 4271 1679 4329 tamen
1696 4245 1826 4329 oritur
1852 4246 1958 4329 diffi·
2023 4336 2025 4338 ,

584 4356 713 4441 cultas
745 4384 793 4441 ex
820 4357 1055 4443 auctoritate
1087 4360 1336 4476 Nicephori‚
1363 4362 1436 4475 qui
1455 4363 1508 4445 ad
1525 4365 1564 4446 S.
1582 4362 1751 4458 ,loannis
1768 4362 1957 4471 Chryso-

586 4476 703 4557 ttotni
719 4501 895 4590 tempora
915 4500 998 4559 tam
1017 4476 1098 4562 late
1108 4502 1308 4590 patentem
1323 4480 1659 4566 consuetudinem
1677 4476 1830 4565 differre
1846 4478 1957 4564 visus

584 4591 731 4703 θεῷ)
760 4628 772 4681 e
805 4589 994 4694 „Ariani
1038 4619 1243 4680 nocturno
1270 4622 1448 4714 tempore
1481 4598 1524 4684 in
1551 4594 1721 4714 publicis
1736 4594 1957 4709 porticibus

584 4763 615 4809 „
645 4712 873 4824 congregati
889 4738 1042 4827 ,atque
1075 4713 1119 4798 in
1136 4714 1282 4802 choros
1297 4746 1394 4803 suos
1422 4718 1611 4836 segregati
1634 4711 1813 4799 carmina
1829 4738 1958 4827 quat-

636 4919 692 5065 li)
717 4934 776 5041 De
792 4966 884 5048 offic.
899 4917 1116 5071 ecetesiam·
1131 4927 1162 5069 ti
1176 5023 1190 5062 ,
1204 4975 1266 5058 lib.
1285 4921 1321 5060 ts
1370 4979 1424 5075 (ι)
1450 4969 1590 5072 Lis-13·
1603 4968 1718 5065 ‘²9³’
