5084 6234
685 834 771 922 118
1105 825 1638 919 DEHYMNIS

684 980 761 1067 bro
779 972 957 1086 hymnos
975 968 1277 1091 explanandos,
1293 969 1639 1086 declarandosque
1658 967 1845 1087 suscipit.
1858 967 1988 1058 Paulo
2001 976 2079 1059 'ani

684 1122 721 1183 re
739 1092 1024 1210 Argentorati,
1041 1120 1113 1176 seu
1128 1090 1378 1207 Argentinae
1395 1120 1511 1177 anno
1531 1120 1656 1207 ¹5¹3·
1666 1092 1840 1187 lacobus
1851 1089 2076 1207 Wimphe·

680 1211 830 1331 lingius
845 1212 1021 1323 hymnos
1036 1204 1164 1296 edidit
1183 1212 1230 1295 de
1245 1228 1484 1327 tempore‚et
1496 1212 1543 1295 de
1557 1209 1712 1297 Sanctis
1726 1213 2003 1313 emendatos,et
2014 1210 2072 1296 in-

684 1327 1046 1448 terpretatos.Extat
1059 1352 1263 1445 praeterea
1273 1328 1393 1417 Liber
1409 1358 1619 1426 sacrorum
1636 1331 1890 1441 hymnorum
1899 1334 2076 1415 Lauren*

681 1450 727 1539 tii
746 1447 957 1535 Massorilli
980 1447 1198 1564 Fulginatis
1216 1447 1390 1534 Ordinis
1416 1445 1631 1534 Minorum
1652 1446 1844 1564 regularis
1858 1448 2075 1536 observan-

679 1568 758 1655 tiae
780 1566 985 1685 Fulginiae
1004 1594 1117 1651 anno
1137 1595 1154 1648 r
1162 1592 1260 1683 547.
1278 1627 1291 1667 ,
1311 1566 1465 1655 divisus
1477 1566 1524 1650 in
1540 1590 1719 1681 quatuor
1733 1590 1895 1682 partes,
1926 1564 2009 1655 sive
2024 1565 2074 1648 li-

679 1688 774 1775 bros
791 1748 805 1786 ,
824 1686 867 1770 in
885 1714 1066 1802 quorum
1079 1685 1215 1818 primo
1228 1684 1383 1799 Hymni
1398 1684 1582 1774 versibus
1599 1684 1839 1772 hexametris
1852 1683 2077 1778 continere·

676 1821 748 1894 tur
766 1867 781 1906 ,
797 1803 842 1888 in
857 1803 1038 1892 secondo
1046 1801 1228 1890 distichis
1246 1861 1259 1901 ,
1274 1802 1319 1890 in
1338 1802 1455 1891 tertio
1466 1803 1675 1920 sapphicis
1685 1803 1754 1908 ,in
1767 1828 1917 1920 quarto
1934 1802 2079 1916 rhyth·

678 1923 1006 2037 mis.Stylus‚e0
1021 1919 1157 2009 seculo
1175 1921 1372 2039 indignus
1388 1946 1577 2007 nonest.
1874 1939 1877 1948 ·
2061 1933 2066 1942 ’

747 2070 843 2158 147·
871 2046 923 2128 Et
933 2038 1134 2157 quoniam
1149 2043 1227 2128 sub
1240 2040 1342 2127 haec
1353 2039 1440 2158 ipsa
1454 2067 1637 2159 tempora
1663 2066 1858 2159 typorum
1874 2069 1974 2128 usus
1989 2035 2074 2155 jam

680 2160 911 2251 invaluerat
927 2224 939 2262 ,
954 2158 1102 2279 passim
1117 2186 1155 2245 et
1173 2159 1327 2274 ubique
1345 2158 1527 2274 gentium
1543 2158 1743 2249 breviaria
1757 2159 1981 2277 prodibant
1995 2217 2009 2257 ‚
2026 2156 2072 2242 in

679 2279 835 2395 quibus
851 2278 932 2365 fere
953 2277 1143 2364 omnibus
1160 2276 1521 2394 praemittebatur,
1538 2301 1755 2381 accurate,
1788 2307 1837 2367 ac
1861 2277 2072 2396 diligenter

681 2397 907 2485 adhibitam
922 2398 1047 2484 fuisse
1062 2396 1354 2483 correctionem
1370 2393 1452 2513 (a).
1471 2395 1628 2484 Parisiis
1642 2425 1758 2483 anno
1779 2396 2071 2512 impeditum

678 2515 760 2605 fuit
777 2516 1013 2603 Psalterium
1044 2546 1140 2601 cum
1175 2516 1369 2629 hymnis,
1396 2514 1450 2599 ad
1478 2545 1587 2631 quos
1602 2516 1656 2602 ita
1681 2515 1888 2632 praefatur
1904 2515 2074 2600 Editor:

681 2635 830 2751 quni
840 2634 959 2721 totius
974 2638 1070 2719 unni
1089 2633 1154 2719 hic
1167 2633 1403 2753 colliguntur
1420 2633 1488 2719 :in
1503 2663 1665 2751 quorum
1680 2634 1779 2721 curti
1804 2633 1930 2719 atione
1942 2631 1997 2718 ita
2012 2630 2075 2716 le·

681 2753 858 2838 botarum
878 2780 963 2854 esc,
986 2773 1034 2837 ut
1046 2752 1114 2869 qui
1118 2754 1233 2869 prius
1241 2756 1297 2837 nd
1310 2750 1624 2872 sarranis-genus
1637 2751 1739 2867 aliqu
1869 2776 1959 2836 runt
1974 2778 2074 2837 com·

677 2869 798 2988 positi
806 2932 820 2970 ,
835 2873 887 2956 ud
900 2873 995 2958 illud
1010 2899 1157 2957 servata
1171 2869 1375 2991 diligenter
1387 2870 1766 2988 sententin(rnututir
1779 2869 1968 2955 interdum
1983 2897 2075 2952 ver-

682 2987 865 3104 hir)rint
880 2989 1051 3080 reducti:
1077 2992 1134 3077 Ει
1146 2990 1230 3078 ideo
1247 2991 1472 3111 quicumque
1496 2991 1630 3111 leges,
1658 2990 1864 3108 obstrepere
1878 2987 1958 3075 noli
1974 3020 1985 3072 e
2004 2987 2075 3072 sert

678 3255 722 3318 D.
740 3247 936 3334 hodericum
950 3249 992 3317 rie
1007 3255 1124 3336 Sancta
1140 3250 1206 3321 ella
1218 3249 1346 3320 Archi·
1403 3274 1491 3342 quae
1507 3249 1629 3344 gallice
1646 3250 1782 3331 reddita
1795 3252 1891 3347 typis
1912 3248 2040 3343 prodiit
2057 3297 2070 3332 ,

681 3346 909 3419 diaconumde
936 3355 1075 3439 Reyna,
1103 3349 1200 3420 ltest
1230 3349 1344 3419 Rode·
1405 3346 1509 3418 refert
1529 3350 1559 3418 in
1592 3352 1764 3429 Ecclesiae
1796 3349 1983 3423 Toletanae
2013 3347 2072 3421 Bi·

680 3442 983 3517 ricusliernandez
1011 3449 1053 3517 de
1076 3445 1267 3517 Senta-Elia
1295 3444 1344 3516 in·
1404 3444 1580 3519 bliotheea
1625 3448 1790 3526 asservari
1832 3472 1890 3543 ²4·
1929 3447 2067 3518 diverse

680 3559 733 3615 ter
760 3542 953 3634 Scriptores
987 3543 1157 3636 Hispanos
1200 3544 1346 3617 recensi·
1405 3544 1583 3617 Breviatia
1611 3572 1687 3624 anre
1706 3546 1955 3622 correctionem
1985 3543 2069 3613 ssre·

681 3657 735 3713 tur
747 3690 757 3711 .
771 3640 873 3712 Putat
890 3641 1003 3724 Lora,
1035 3644 1258 3716 prudentium
1271 3666 1344 3715 esse
1405 3640 1505 3715 viarii
1535 3645 1680 3721 Romani
1697 3643 1819 3720 formis
1847 3644 2008 3732 impressa
2025 3664 2069 3713 ex

606 3821 609 3825 Α
679 3741 872 3812 Auctorem
918 3738 1051 3834 Hymni
1094 3741 1128 3813 S.
1158 3745 1343 3839 Agathaee
1407 3739 1485 3826 his,
1511 3767 1597 3836 quae
1616 3743 1817 3825 Ecclesiae,
1842 3760 1877 3814 et
1893 3735 2065 3833 Religiosi

681 3839 850 3931 Martyris
865 3860 940 3910 ecce
955 3840 1027 3910 dies
1058 3842 1251 3935 agathae,
1284 3840 1343 3935 qui
1401 3838 1554 3913 Ordines
1568 3847 1598 3916 in
1626 3842 1790 3938 Hispania
1815 3840 2067 3921 emendabant,

683 3935 718 4007 S.
734 3934 886 4008 Damaso
899 3937 1004 4010 tribui
1020 3938 1134 4010 solet.
1163 3940 1200 4011 ln
1224 3940 1345 4012 Prolo-
1412 3955 1447 4008 et
1461 3939 1606 4015 edebant
1618 3970 1628 4012 r
1641 3966 1730 4036 quae
1742 3940 1884 4011 fortasse
1899 3934 2073 4029 pertinue-

683 4055 731 4130 go
761 4056 846 4106 vero
873 4038 922 4109 ait
940 4064 951 4105 a
968 4085 992 4119 ‚,
1018 4037 1180 4131 Quatuor
1210 4040 1350 4110 fuerunt
1409 4055 1489 4107 runt
1503 4042 1545 4109 ad
1569 4044 1810 4113 haereditatem
1828 4036 1991 4109 Doctoris
2010 4036 2073 4107 Sa·

682 4131 932 4227 „principales
956 4137 1128 4209 Auctores
1151 4184 1165 4219 ‚
1192 4137 1251 4231 qui
1272 4138 1350 4234 Hy·
1410 4134 1500 4205 lazar
1523 4139 1570 4207 de
1597 4140 1791 4219 Mendoza,
1817 4135 1877 4229 qui
1893 4134 1946 4208 his
1969 4136 2071 4228 plura

679 4276 712 4317 „
725 4253 821 4304 runos
836 4233 1251 4327 composuerunt,scilicet
1265 4238 1349 4308 Gre·
1408 4232 1598 4329 collegerat
1613 4286 1623 4307 .
1651 4236 1858 4308 Salmantina
1872 4252 1953 4307 sunt
1974 4236 2068 4313 duo,

684 4375 710 4415 ,‚
725 4330 870 4426 gorius,
888 4333 1116 4416 Prudentius,
1128 4334 1349 4419 Ambrosius,
1410 4354 1556 4425 quorum
1574 4335 1685 4428 primo
1698 4333 1910 4413 breviarium
1928 4332 2002 4406 MS.
2016 4354 2073 4403 an·

685 4473 712 4512 ,‚
728 4430 913 4504 Sedulius.
942 4432 1008 4503 Sed
1037 4432 1174 4524 quidam
1191 4432 1246 4505 vir
1271 4456 1354 4525 pru·
1413 4430 1574 4524 tionum,
1591 4433 1700 4505 altero
1715 4439 1779 4508 hoc
1796 4433 1905 4528 ipsum
1921 4430 2073 4523 primurn

665 4615 668 4622 Ι
684 4571 711 4611 ,,
728 4529 956 4602 densnomine
975 4529 1125 4603 Hilarius
1139 4535 1256 4604 videns
1273 4530 1352 4606 illos
1415 4531 1508 4623 typis
1521 4555 1686 4605 excusum
1700 4534 1913 4629 corrigitur.
1928 4529 1985 4599 De
2001 4528 2075 4597 bre·

686 4625 855 4707 „multos
869 4630 1286 4725 Hymnoscomposuisse‚
1301 4632 1353 4702 di·
1412 4626 1530 4702 viariis
1553 4632 1653 4703 editis
1666 4635 1708 4705 ab
1743 4636 1874 4705 inventa
1904 4645 2074 4719 typogra-

690 4767 717 4806 κ
734 4747 837 4817 gnum
853 4731 953 4802 duxit
981 4730 1057 4802 illos
1073 4729 1105 4805 in
1122 4754 1226 4803 unum
1253 4727 1353 4803 colli·
1412 4729 1493 4820 phia
1504 4732 1547 4802 ad
1559 4730 1809 4804 correctionem
1823 4727 1885 4799 sub
1900 4725 1934 4794 5.
1953 4722 2013 4794 Pio
2031 4720 2073 4789 V.

687 4866 714 4905 „
729 4845 810 4916 gere
825 4846 892 4900 etc.
905 4876 931 4909 „
948 4830 1080 4901 Confer
1104 4829 1276 4907 Num.6a.
1415 4847 1586 4919 peractam
1605 4827 1764 4905 erudita,
1794 4843 1828 4897 et
1845 4820 1937 4897 utilis
1968 4821 2074 4893 histo·

690 5014 700 5034 ,
738 4930 789 5010 (⁴)
817 4922 854 4994 P·
876 4929 1026 4998 Andreas
1061 4931 1197 5003 Marcus
1216 4926 1352 5003 burriel
1416 4926 1469 5001 ria
1483 4939 1596 5021 posset
1610 4923 1761 4998 confici.

687 5039 724 5090 to
769 5019 919 5115 Epistola
974 5028 1016 5096 ad
1055 5027 1128 5098 Pat·
1173 5028 1355 5121 Ravagm
