5084 6234
1142 826 1183 906 H
1214 825 1245 907 Y
1274 823 1324 909 M
1353 825 1397 909 N
1429 823 1543 911 OD
1573 821 1591 903 l
1620 820 1665 905 Α

909 969 1245 1077 15·T¹1mv000
1278 970 1445 1085 supplex
1476 970 1652 1106 postulat

910 1086 977 1173 16.
1069 1088 1392 1178 conversionem
1427 1090 1653 1207 gentium,

1068 1209 1224 1295 Vocem
1257 1233 1455 1316 sequutus
1483 1208 1648 1338 spiritus

909 1350 976 1434 77.
1066 1321 1322 1411 Conscendit
1354 1323 1432 1408 alta
1463 1322 1629 1409 sidera.

1008 1440 1074 1526 Sic
1098 1442 1295 1528 dimicans
1328 1440 1576 1527 Laurentius

1067 1563 1168 1646 Non
1203 1590 1297 1667 ense
1321 1558 1546 1675 praecinxit
1568 1558 1707 1655 latus,

1063 1679 1214 1767 Hostile
1247 1679 1320 1767 sed
1344 1678 1497 1763 serrum
1525 1702 1631 1789 tetro

1062 1797 1290 1913 Torquens
1305 1794 1350 1878 in
1374 1822 1582 1885 auctorem
1600 1793 1724 1883 nrlit.

708 2032 785 2118 Die
799 2058 898 2167 ..²7⁶
886 2024 1115 2144 Augusti.
1142 2032 1186 2115 In
1215 2027 1338 2139 officio
1365 2028 1534 2167 proprio
1553 2031 1734 2117 Toletano
1755 2024 1964 2164 festum&
1980 2018 2098 2137 Agu-

762 2145 869 2267 piri.
858 2149 1142 2263 Qtrymnus
1103 2176 1188 2264 7777
1220 2146 1337 2257 officii
1350 2147 1595 2319 recognitus,
1622 2176 1661 2237 er
1690 2146 1979 2266 castigatum
1934 2134 2033 2260 (a·)

706 2383 773 2472 Ad
786 2410 981 2502 vesperos
970 2337 1162 2474 .Miles
1195 2381 1369 2499 superni
1400 2383 1595 2470 Numinis

938 2534 975 2588 1.
1069 2505 1200 2590 Praeit
1230 2502 1379 2589 docens
1408 2502 1446 2586 A
1476 2501 1609 2623 spitus

1061 2622 1205 2709 Salutis
1237 2620 1394 2728 hostem
1424 2649 1614 2724 vincere,

1060 2741 1167 2826 Patri
1200 2717 1341 2826 salutis
1373 2739 1595 2856 plaudere.

998 2858 1126 2947 Semel
1158 2882 1314 2989 recepta
1342 2858 1530 2991 desuper

1023 2974 1214 3064 Proiu
1186 3001 1299 3061 stone
1330 2973 1494 3092 spiritus
1527 3031 1543 3072 ,

1054 3099 1218 3185 Servare
1246 3093 1424 3204 necdum
1466 3091 1649 3191 credita,
1745 3185 1749 3194 ,

1053 3215 1216 3330 Augere
1255 3194 1373 3324 discit
1401 3239 1615 3298 munera.

688 3443 734 3521 iu
767 3446 902 3518 honore
952 3449 1018 3521 sint
1043 3445 1148 3521 habili
1177 3496 1188 3519 .
1223 3448 1265 3519 In
1292 3446 1377 3518 Pru-

695 3542 806 3617 denrii
838 3546 1007 3638 operibus
1034 3546 1174 3620 edendis
1198 3546 1297 3618 laude
1323 3546 1375 3615 di·

697 3664 802 3735 gnum
836 3664 886 3714 est
913 3644 1095 3718 consilium
1126 3644 1277 3717 Victoris
1307 3643 1375 3713 Gi·

698 3740 909 3853 771777ῐῖ7777
948 3749 978 3815 in
1019 3746 1084 3817 fine
1109 3744 1160 3815 sui
1196 3764 1372 3814 commen·

701 3838 777 3910 tatii
819 3838 851 3909 in
895 3842 1045 3915 medium
1076 3839 1223 3915 contulit
1253 3839 1368 3912 omnia

700 3934 878 4008 Prudentii
907 3942 1111 4022 vocabula,
1139 3963 1229 4033 quae
1267 3961 1368 4031 quarn

703 4031 898 4144 longissime
930 4063 948 4107 a
982 4038 1102 4109 latinae
1146 4037 1278 4129 linguae
1308 4060 1371 4126 pu·

700 4129 802 4200 ritate
820 4132 936 4204 abesse
949 4135 1146 4216 Judreabat
1161 4158 1227 4215 ne,
1243 4132 1369 4227 inquit,

694 4228 846 4314 iuniores
874 4234 910 4301 in
929 4232 1089 4318 imitando
1114 4232 1309 4318 fallantur.
1328 4232 1368 4301 ln

695 4329 788 4400 laune
808 4327 953 4401 indicem
975 4331 1123 4413 conjecit
1153 4325 1327 4422 Defuga
1305 4352 1368 4421 pro

696 4426 897 4523 transfuga,
912 4427 1065 4522 hymnite
1081 4443 1145 4518 pto
1172 4428 1301 4520 hymnis
1315 4449 1369 4496 ca·

697 4546 810 4608 nere,
843 4526 1047 4598 Munditiis
1054 4549 1117 4619 pro
1146 4527 1366 4603 Munianus,

695 4642 783 4713 quae
828 4623 859 4694 in
899 4629 1029 4721 hymno
1057 4624 1116 4696 88.
1143 4621 1366 4704 Hemeterii,

695 4735 730 4787 et
758 4718 942 4793 Celedonii
985 4747 1087 4818 supra
1115 4721 1285 4795 recensito
1313 4744 1367 4791 oc·

692 4835 872 4891 currunt.
915 4821 1023 4895 Notat
1070 4822 1172 4893 etiam
1217 4821 1365 4893 orarium

693 4938 757 5009 pro
735 4915 948 4987 sudarium
964 4967 975 5001 ,
1001 4936 1039 4989 et
1055 4920 1179 4992 ridelis
1195 4944 1257 5012 pto
1274 4918 1368 4988 ciri·

690 5016 801 5091 777777
821 5014 1003 5110 Religion
1014 5013 1190 5112 praeditus
1205 5066 1216 5091 .
1233 5018 1367 5088 Verum

1438 3452 1521 3519 haec
1547 3450 1643 3529 duo,
1661 3446 1856 3540 praesertim
1871 3457 2096 3535 postremam,

1439 3548 1544 3620 verba
1577 3565 1656 3619 sunt
1682 3543 1937 3623 ecclesiastica,
1964 3556 1999 3610 et
2026 3541 2096 3631 hy·

1441 3644 1527 3716 mnis
1555 3644 1760 3737 aptissima.
2108 3675 2110 3679 ·

1489 3751 1540 3831 (a)
1568 3744 1788 3815 Crediderim
1829 3759 1948 3832 parunt
1988 3752 2105 3803 corre.

1439 3859 1526 3913 ctam
1554 3866 1625 3913 esse
1650 3840 1833 3916 editionem
1866 3835 1965 3911 huius
1982 3827 2104 3923 hymni

1439 3938 1471 4009 in
1495 3941 1610 4010 officio
1641 3940 1784 4031 proprio
1826 3930 1996 4001 Toletano
2023 3925 2105 3997 anni

1444 4059 1586 4129 1720„
1614 4039 1706 4129 quod
1739 4037 1780 4104 ad
1811 4051 1927 4103 manus
1957 4024 2059 4096 habui
2092 4069 2105 4094 .

1445 4133 1608 4206 Etenim
1599 4143 1683 4229 rn'.4
1709 4131 1850 4222 stropha
1873 4127 1912 4197 ad
1946 4143 2105 4235 vesperas

1443 4232 1564 4304 tertius
1607 4255 1725 4303 versus
1753 4229 1913 4301 mendose
1957 4222 2103 4312 scriptus

1440 4331 1563 4402 eratin
1593 4333 1681 4401 hunc
1701 4330 1866 4406 modum,
1882 4322 1956 4413 έζιιί
1971 4335 2002 4389 77
2020 4315 2104 4389 cele·

1439 4428 1539 4507 bret,
1569 4428 1715 4498 robora.
1737 4427 1852 4519 lgirut
1882 4419 2102 4492 fortassehoc

1441 4528 1547 4619 ipsum
1588 4524 1751 4598 acciderit
1796 4524 1827 4595 in
1860 4516 2029 4626 aliquibus
2061 4535 2104 4583 ex

1440 4624 1703 4707 inveniens,
1731 4646 1816 4717 quos
1850 4612 2053 4690 amandavi.

1491 4744 1523 4792 1.
1537 4712 1685 4804 Prosit,
1707 4725 1861 4838 docetque
1877 4707 2077 4803 agapitus.

1490 4844 1524 4893 7.
1538 4823 1619 4907 Nos
1645 4822 1735 4893 omni
1760 4828 1884 4930 pereger
1911 4804 2075 4876 crimine.

1491 4919 1652 5009 nitier!
1689 4913 1864 5010 Principi
1860 4905 2047 4978 dementius

1484 5044 1521 5113 4.
1539 5015 1617 5088 Tibi
1644 5031 1784 5107 tyranne
1812 5002 1993 5080 irasceris.
