5084 6234
576 816 657 903 fflo
999 815 1518 924 HYMNODIA

805 954 875 1039 An
911 953 1023 1040 times
1040 953 1195 1043 hostem
1229 954 1323 1043 fidei
1355 961 1578 1070 rebeliem}

803 1076 1012 1159 Barbarus
1043 1073 1176 1274 supin
1208 1074 1327 1163 liceat
1365 1080 1540 1248 cerepi,
1719 1186 1722 1192 ,

805 1189 895 1319 Aut
926 1214 1033 1289 tuos,
1052 1210 1094 1276 sa·
1112 1217 1196 1298 tem,
1223 1191 1339 1309 juvet
1367 1187 1618 1294 intromissa

983 1312 1091 1394 Luce
1126 1310 1293 1400 fovete.
1392 1370 1394 1374 >
1569 1324 1575 1338 '

803 1426 964 1516 Civitas
995 1425 1088 1524 felix
1117 1428 1252 1543 spoliis
1287 1426 1433 1545 opimis

799 1544 997 1661 Corporis
1031 1546 1131 1629 sacri
1153 1571 1239 1633 -tua
1273 1546 1372 1631 mira
1409 1548 1525 1667 pictis

797 1663 919 1750 Gesta
947 1689 1158 1779 percenset,
1188 1664 1333 1762 tabulis
1347 1670 1369 1769 ,'
1397 1670 1603 1787 tholisque

976 1783 1156 1867 Munera
1190 1788 1384 1900 Regum.
1652 1781 1656 1786 ’

796 1899 917 2012 Quae
955 1926 1028 1987 tuo
1058 1900 1182 2013 partis
1199 1902 1343 1988 merito
1376 1904 1592 2022 triumphis

794 2019 923 2102 Grata
957 2041 1049 2101 non·
1077 2048 1165 2102 uno
1198 2017 1366 2106 retulere
1398 2022 1533 2132 bello,

792 2135 983 2249 Namque
1014 2160 1050 2220 te
1084 2136 1300 2225 nostriset
1336 2137 1474 2228 adesse
1510 2141 1648 2231 castris

598 2343 602 2350 p
718 2280 760 2367 4.
973 2256 1095 2338 Fama
1118 2259 1364 2364 'canebam

791 2378 886 2461 Huc
914 2371 1008 2457 ades
1025 2371 1134 2457 sessis
1168 2398 1282 2488 pater
1314 2375 1413 2463 aime
1434 2383 1587 2481 rebus,
1654 2446 1669 2489 .·

790 2496 964 2601 Nosque
997 2492 1238 2576 commenda
1269 2492 1412 2582 Triadi
1439 2496 1596 2614 potenti
1614 2545 1652 2598 ,·.

791 2607 929 2726 Cujus
963 2609 1007 2691 in
1039 2636 1206 2698 cunctas
1237 2640 1402 2701 resonat
1433 2614 1624 2731 perennis

972 2724 1110 2807 Gloria
1141 2758 1306 2842 gentes.

550 2848 629 2933 Die
662 2874 701 2957 5.
717 2841 865 2957 Aprilis
899 2905 909 2926 .
941 2843 986 2925 In
1009 2839 1112 2950 festo
1141 2849 1186 2930 S.
1218 2849 1410 2937 Vincenrii
1447 2854 1480 2937 C
1479 2850 1719 2964 onftssoris·
1760 2857 1940 2972 Hymnus

603 2964 716 3080 tffcti'
746 2960 949 3065 Toletani,
983 2959 1095 3046 unico
1129 2991 1277 3054 tantum
1310 2994 1421 3055 versu
1453 3000 1618 3065 correcto
1644 2974 1712 3092 (a)
1730 2983 1762 3059 .’
1876 3013 1878 3020 ·

543 3200 756 3321 Advesp.:
785 3156 931 3288 Alme
966 3198 1165 3287 Vincenti
1197 3266 1211 3303 ,
1242 3209 1478 3296 veneranda
1509 3199 1628 3329 cujus
1691 3201 1693 3206 ⁵

784 3321 896 3403 Haec
927 3318 1011 3402 dies
1040 3317 1157 3405 valde
1190 3322 1335 3409 colitur
1364 3357 1434 3440 per
1463 3330 1603 3432 orbem
1631 3396 1647 3435 ,

784 3436 903 3551 Quas
934 3435 1005 3525 tibi
1038 3460 1176 3549 cantat
1207 3439 1358 3528 chorus
1387 3442 1455 3533 hic
1483 3446 1640 3555 fidelis,

843 3584 846 3590 ·
963 3555 1114 3674 Accipe
1143 3547 1313 3657 laudes.
1869 3568 1933 3651 En

537 3749 643 3822 titum
657 3741 772 3825 fuisse,
786 3745 880 3837 quod
893 3744 1210 3839 pariterdeTeione
1267 3748 1373 3833 -Qod
1402 3743 1586 3818 invisibilis
1611 3746 1656 3816 sit
1670 3754 1783 3816 Deus.
1817 3743 1934 3816 Flore·

545 3846 602 3919 atii
615 3844 1090 3935 animadverterunt.Quidam
1107 3844 1208 3916 etiam
1269 3844 1484 3938 zius,aiiique
1499 3845 1668 3925 dubitant,
1681 3843 1828 3917 fueritne
1844 3844 1930 3919 Dux

420 3980 424 3987 ·
537 3941 637 4016 'tituli
662 3942 787 4013 eisdem
814 3942 1047 4012 ieteverbisin
1062 3937 1208 4032 utroque
1270 3943 1489 4035 Carthaginis
1518 3944 1746 4023 Severianus,
1776 3956 1871 4031 pater
1897 3942 1931 4011 S.

546 4062 653 4134 opere
671 4038 935 4112 adscribuntur.
955 4038 1092 4133 Trionis
1112 4040 1208 4110 trba.
1269 4041 1391 4112 Isidori
1410 4086 1421 4121 ,
1452 4063 1490 4110 ac
1504 4040 1537 4109 S.
1553 4038 1696 4109 Leandri
1713 4086 1723 4107 .
1743 4039 1793 4111 Ex
1808 4044 1931 4113 horum

534 4137 739 4229 imprimes
755 4137 873 4208 titulos
890 4137 1053 4210 exhibet.
1073 4135 1207 4229 Cap-‘10
1269 4137 1465 4211 nominibus
1482 4184 1493 4216 ,
1520 4161 1607 4229 quae
1626 4136 1760 4207 Graeca
1774 4156 1853 4210 sunt
1870 4185 1883 4222 ,
1899 4153 1935 4209 et

327 4321 329 4325 ἢ
546 4236 652 4329 Qud
671 4243 761 4306 Deus
786 4234 1093 4318 incommutabilis,
1120 4259 1209 4306 sum·
1270 4261 1312 4309 tx
1329 4236 1521 4307 nominibus
1537 4232 1709 4328 fulgentii
1726 4235 1863 4318 fratris,
1892 4259 1931 4307 ac

446 4385 466 4427 ρ
545 4357 647 4417 mus,
679 4346 711 4405 ct
725 4349 876 4403 aeternus
895 4335 1038 4403 existat.
1068 4329 1206 4423 Capil-
1274 4334 1488 4405 Florentinae
1506 4334 1634 4405 sororis
1650 4333 1774 4414 conjici
1791 4353 1931 4426 potest,

545 4443 596 4507 De
611 4433 855 4513 immensitate,
886 4431 943 4503 oei
970 4429 1209 4529 omnipotentia
1271 4451 1400 4524 patrem
1432 4454 1550 4504 eorum
1585 4457 1651 4503 non
1681 4430 1783 4502 fuisse
1797 4433 1932 4503 natione

533 4532 840 4623 'Dei.‚Cap.Ili.De
855 4553 893 4601 eo
910 4533 998 4628 quod
1015 4528 1207 4609 invisibilis,
1271 4534 1452 4611 Gothum,
1487 4556 1564 4603 cum
1585 4556 1649 4602 non
1666 4533 1708 4600 sit
1724 4530 1930 4609 verisimile,

544 4629 603 4704 vei
633 4630 936 4799 incircumscriptus
965 4631 1006 4700 sit
1023 4640 1138 4701 Deus.
1171 4630 1208 4699 In
1271 4649 1308 4699 ut
1323 4629 1404 4699 nulii
1424 4655 1466 4703 ex
1483 4631 1560 4702 tiliis
1575 4631 1841 4723 propriumtuae
1853 4648 1933 4719 gen·

545 4727 682 4801 Isidoro
709 4748 821 4800 autem
866 4730 913 4801 ib.
932 4753 962 4800 1.
988 4752 1062 4821 cap.
1079 4730 1106 4799 l.
1134 4745 1208 4798 est:
1273 4728 1316 4798 tis
1331 4753 1453 4800 nomen
1469 4728 1701 4823 imposuerit.

546 4826 651 4915 Quot
667 4835 755 4896 Deus
771 4850 940 4910 summus,
968 4844 1000 4897 et
1029 4830 1212 4900 incommu·
1321 4837 1374 4918 (a)
1403 4829 1527 4900 Officia
1541 4828 1679 4919 propria
1695 4820 1855 4891 Toletana
1877 4840 1933 4920 ty·

525 4923 741 4996 *tabilissin
770 4925 859 5013 Cap.
875 4926 919 4995 ΙΙ.
947 4930 1050 5014 Quod
1073 4928 1210 4998 immet·
1250 4983 1253 4988 .
1271 4929 1326 5017 pis
1341 4948 1463 4997 excusa
1478 4945 1563 4994 anno
1584 4944 1688 5011 1720.
1707 4924 1766 4989 hos
1784 4923 1933 5014 hymnos

547 5023 1208 5120 tns,etomm'potenrsitoeus.Cap.111·
1268 5021 1492 5104 exhibentis
1516 5022 1607 5092 sesto
1634 5019 1668 5092 S.
1683 5017 1855 5094 Vincentii
1871 5024 1933 5094 de·
