5084 6234
892 820 934 906 H
1070 813 1246 904 Part
1273 814 1296 900 l
1326 813 1439 908 CA

468 964 546 1060 Die
559 960 817 1063 anianensi
836 1025 847 1048 .
870 958 1001 1073 Infert
1074 956 1297 1047 ‚Vincenrii
1310 957 1503 1080 Martyris
1518 958 1622 1076 (a);

470 1204 538 1291 Aa
557 1230 688 1321 vesp:
709 1156 869 1290 partas
900 1196 1092 1283 horrifico
1118 1191 1306 1308 supplicii
1336 1196 1460 1278 modo

706 1318 893 1419 Palmae,
917 1342 1036 1428 arque
1073 1311 1196 1398 decus
1229 1312 1427 1422 Martyris
1452 1309 1591 1423 inclyti

707 1437 864 1523 Festivo
891 1457 1080 1518 resonent
1107 1427 1284 1517 carmine
1317 1456 1513 1543 pectora,

759 1550 997 1639 Exultantia
1030 1548 1216 1667 gaudio.
1341 1596 1344 1602 -

699 1666 936 1757 -Cesserunt
967 1668 1129 1767 furiae,
1153 1665 1265 1750 cessit
1289 1666 1476 1752 atrocitas

708 1787 906 1872 lllaudata
932 1782 1213 1881 feri'ludicis,
1239 1780 1427 1898 ignium,
1559 1807 1562 1812 ’

711 1904 939 2002 Vincenti,
966 1899 1096 1986 rabies
1124 1900 1257 2016 fugit,
1290 1902 1403 1988 abest
1425 1903 1569 2017 procul

768 2021 923 2108 Caedis
957 2017 1062 2106 triste
1142 2018 1346 2105 riculum.

706 2137 958 2227 Trudunrur
988 2047 1140 2254 rapidii
1174 2138 1306 2222 secula
1336 2138 1506 2241 seculis,

709 2260 764 2343 Et
788 2288 912 2343 cursu
937 2256 1117 2341 revolant
1142 2254 1421 2355 irrevocabili,

709 2374 823 2473 Stat,
853 2397 1085 2485 semperque
1110 2368 1232 2453 sacris
1258 2369 1378 2454 stabit
1402 2372 1630 2458 honoribus

769 2493 879 2575 Laus
909 2483 1281 2574 immobilior-tua.

711 2602 803 2708 Te,
835 2606 994 2692 lucente
1025 2602 1119 2721 polo
1150 2602 1282 2691 donec
1313 2631 1409 2693 cant
1439 2606 1550 2708 dies,
1603 2659 1607 2668 ·

711 2724 967 2811 Laudabunt
992 2722 1212 2825 homines,
1245 2722 1455 2840 plausibus
1472 2725 1630 2811 aethere

714 2840 986 2957 Responsabit
1013 2870 1141 2932 ovans
1170 2868 1338 2943 coetus,
1365 2867 1405 2927 et
1428 2870 1553 2930 aurea

775 2960 1008 3076 Nunquam
1037 2960 1186 3080 plectra
1216 2960 1405 3049 silentia.
1607 2960 1623 3037 l
1653 2955 1668 3036 i

480 3181 493 3193 ·
532 3157 584 3246 (a)
610 3149 735 3220 inuicti
765 3151 930 3248 Martyris
971 3154 1143 3224 Vincentii
1204 3153 1402 3227 Gallicanae
1428 3154 1562 3223 tresde
1593 3151 1713 3222 eodem
1743 3147 1865 3221 Sancto

486 3246 875 3323 anniversariumdiern
905 3271 967 3321 cur
980 3249 1051 3320 sine
1077 3252 1144 3345 hy·
1204 3252 1360 3345 Martyre
1392 3250 1560 3321 habentur
1587 3246 1706 3343 hymni
1734 3243 1865 3319 recenti

484 3347 571 3419 mnis
586 3344 734 3437 propriis
761 3346 856 3418 abire
884 3347 1144 3439 permitterem?
1204 3348 1298 3443 stylo
1327 3346 1484 3424 exarati.
1514 3347 1688 3421 Florezius
1719 3360 1800 3417 tons.
1830 3341 1872 3430 8,

481 3446 530 3518 At
561 3445 633 3526 eius
663 3443 813 3528 festum,
843 3445 1001 3539 inquies,
1031 3445 1143 3518 solum
1201 3446 1642 3546 pag.185.S.Vincentium
1661 3444 1868 3533 offictopro·

483 3543 588 3613 ritum
612 3540 845 3633 semiduplicis
872 3544 997 3615 habet.
1029 3542 1144 3615 lsthuc
1205 3546 1282 3638 prio
1302 3544 1441 3621 maioris
1460 3543 1638 3637 dignitatis
1652 3544 1686 3614 in
1701 3535 1869 3631 Hispania

487 3639 606 3713 ibam.
626 3639 720 3709 Cum
738 3637 876 3728 plurimi
895 3640 1005 3712 Sancti
1024 3638 1056 3708 in
1070 3640 1145 3712 olli·
1205 3640 1444 3712 celebrandum
1462 3662 1533 3711 esse
1563 3640 1766 3734 persuadere
1788 3633 1867 3711 niti·

487 3737 550 3816 ciis
563 3735 760 3828 hispanicis
775 3742 936 3822 maiorem
951 3734 1147 3808 solemnita-
1206 3753 1263 3810 tur
1278 3784 1289 3808 .
1302 3738 1511 3830 Magnopere
1527 3736 1693 3809 laudanda
1705 3750 1758 3806 est
1769 3755 1868 3827 egres·

488 3848 555 3904 tem
572 3833 775 3918 obtineant,
806 3837 865 3927 qui
883 3857 943 3905 nec
977 3832 1145 3927 indigetes
1206 3836 1261 3930 gia
1288 3856 1417 3926 opera,
1446 3850 1480 3903 et
1501 3833 1665 3910 industria
1684 3830 1869 3906 celeberri·

487 3948 592 4013 sunt,
617 3955 726 4024 neque
765 3931 962 4005 celebritate
999 3932 1145 4003 nominis
1208 3932 1254 4005 mi
1274 3931 1411 4025 Bayerii
1430 3953 1538 4024 nuper
1554 3934 1596 4005 ad
1619 3929 1897 4024 praefecturam⁴

487 4046 568 4096 curn
582 4046 696 4100 nostro
709 4030 890 4103 Vincentio
902 4030 1146 4121 comparandi,
1208 4028 1443 4103 Bibliothecae
1453 4029 1583 4125 Regiae
1597 4030 1869 4121 llispanae'snrrt·

489 4120 575 4215 quid
588 4147 705 4197 causae
721 4148 784 4211 est,
804 4129 1024 4223 quamobrem
1042 4132 1067 4200 is
1082 4151 1149 4200 non
1210 4129 1434 4203 montorium
1451 4126 1870 4222 plausaeruditionimt
1902 4183 1907 4195 ,

490 4218 559 4328 alio
602 4225 881 4322 cultu-donetur
907 4277 919 4312 ,
947 4225 1148 4319 nisiquem
1211 4226 1392 4322 singularis
1424 4226 1597 4300 doctrinae
1623 4247 1707 4322 ergo
1731 4222 1870 4307 evecti‘,
1921 4296 1923 4299 .

489 4336 648 4388 universa
675 4319 823 4393 Ecclesia
850 4326 1045 4397 concessit?
1075 4322 1150 4394 Sal·
1211 4324 1304 4417 quod
1330 4323 1390 4394 88.
1407 4324 1621 4407 Damasum,
1654 4342 1688 4395 et
1721 4323 1868 4396 tauren-

492 4429 560 4485 tem
578 4414 721 4486 Exteros
745 4421 922 4492 nonnullos
950 4419 1149 4493 imitentur:
1210 4424 1294 4493 tium
1313 4420 1473 4513 Hispanis
1491 4422 1655 4496 acerrime
1674 4418 1871 4490 vindicave-

492 4510 525 4584 in
540 4510 718 4582 breviariis
732 4513 981 4591 constantiensi
993 4539 1010 4602 ·‚
1024 4518 1151 4593 Niter-
1211 4518 1280 4591 rit.
1295 4518 1360 4591 Sed
1377 4519 1503 4593 interea
1517 4514 1788 4595 &Vincentiunu
1801 4511 1871 4585 tort

490 4608 584 4681 nensi
599 4656 610 4689 ,
625 4625 658 4677 et
677 4608 854 4684 Parisiensi
869 4618 1015 4709 hymnus
1030 4615 1153 4687 svu-
1211 4616 1394 4699 titudine,
1417 4634 1452 4687 et
1490 4613 1665 4687 exantlatis
1694 4607 1872 4704 supplic-iis

493 4705 595 4779 centii
610 4706 766 4801 antiquus
782 4726 878 4792 erat,
911 4735 1013 4804 quem
1032 4734 1150 4785 corre·
1211 4712 1295 4785 nulli
1310 4715 1523 4794 secundum,
1556 4713 1599 4783 de
1615 4733 1685 4801 quo
1701 4708 1793 4781 nulla
1806 4730 1872 4780 un»

494 4802 544 4874 xit
559 4802 615 4875 Gu
619 4824 723 4898 yetus
737 4834 746 4877 s
761 4811 915 4895 Qantsr
931 4810 1080 4880 ardoris
1098 4818 1154 4879 le·
1213 4832 1314 4900 quarn
1329 4810 1395 4882 luit
1409 4806 1666 4889 controversia,
1694 4807 1745 4880 bis
1761 4828 1868 4898 venen

492 4899 590 4969 vita·
604 4905 810 4987 Quantavis
825 4907 1013 4977 Vincentis'?
1029 4907 1065 4978 ln
1080 4907 1154 4977 offi·
1213 4903 1353 4977 rationis
1379 4905 1483 5001 signis
1513 4904 1673 4999 prosequi
1705 4901 1871 4998 oportet-⁵3

493 4995 550 5064 cio
567 4999 708 5091 proprio
735 5002 988 5076 Canonicorum
1001 5003 1153 5099 Regula·
1209 5001 1673 5096 ‘quibus‘praestantissimum
1687 5019 1871 5095 quemque.

492 5090 583 5169 rium
599 5098 632 5168 8.
650 5099 836 5200 Augustini
863 5100 1152 5201 congregationis
1213 5102 1575 5213 Ceterumtametsiad
1588 5104 1751 5187 maiorem
1764 5098 1870 5173 risun
