5084 6234
570 820 655 911 268

983 811 1535 908 uruuournf

873 956 944 1040 Pet
976 960 1056 1074 poli
1083 958 1273 1073 liquentis
1307 990 1427 1048 axem
1537 1069 1541 1076 Ι

788 1102 829 1189 9.
935 1076 1080 1190 fulgor
1119 1078 1207 1161 auri
1239 1075 1460 1181 conditur,

932 1194 993 1277 Ac
1026 1194 1099 1279 diu
1132 1195 1265 1283 visum
1297 1226 1508 1309 sequacem

931 1310 1098 1396 Textilis
1132 1312 1287 1397 candor
1321 1314 1490 1430 fugit,¹

758 1455 823 1519 10.
931 1433 1140 1515 Permeant
1173 1429 1385 1546 adusque
1415 1433 1600 1538 caelum,

929 1551 1016 1632 Nec
1043 1546 1242 1635 videnturw
1268 1550 1469 1669 amplius.
1495 1580 1498 1589 ·

866 1664 983 1750 Vidit
1012 1666 1089 1751 hoc
1122 1693 1348 1757 conventus
1380 1669 1571 1772 adstans,
1607 1674 1609 1677 ⁴

928 1785 1016 1899 Ipse
1046 1784 1148 1873 vidit
1181 1786 1392 1888 carnifex,

926 1904 980 1985 Et
1013 1931 1183 1985 manum
1207 1907 1387 2018 repressit
1413 1907 1607 2011 haerens,

763 2052 827 2103 11.
936 2020 998 2105 Ac
1031 2044 1195 2135 stupore
1230 2020 1400 2136 palluit.

932 2138 1012 2223 Sed
1044 2164 1194 2224 tamen.
1211 2140 1375 2255 peregit·
1397 2141 1524 2229 ictum
1546 2205 1562 2245 ,

928 2252 992 2341 Ne
1033 2255 1178 2375 periret
1208 2255 1371 2375 gloria.
1452 2286 1497 2329 ι·

627 2469 694 2530 Pro
725 2465 865 2559 receptis
884 2448 1086 2630 parvulis,

629 2565 812 2653 conjugum
846 2576 952 2630 saure
988 2558 1076 2628 iaetu

528 2747 531 2753 Ι
627 2662 697 2726 Vox
740 2660 937 2728 maritarum
968 2670 1116 2751 strepat,

623 2754 675 2822 Sit
701 2755 769 2823 dies
794 2756 874 2825 haec
895 2756 982 2842 festo
1008 2753 1100 2823 uobis

625 2853 673 2920 Sit
702 2868 867 2923 sacratum
893 2854 1083 2946 gaudium.

579 2948 684 3039 Apud
714 2949 979 3033 bollandianos,
1006 2951 1086 3021 etin
1107 2948 1243 3043 Marsy-

577 3046 726 3139 roiogio
745 3049 899 3141 Hispano
913 3047 1070 3121 Salazurii
1100 3050 1143 3118 ud
1157 3046 1242 3117 hane

578 3146 663 3215 diem
681 3144 778 3216 aliter
792 3149 936 3218 habetur
966 3148 1096 3239 primus
1131 3169 1173 3217 ex
1192 3145 1243 3216 his

578 3242 771 3337 versibus,
803 3253 898 3330 stote,
939 3268 1026 3315 nunc
1060 3243 1244 3336 hymnistae

578 3353 701 3410 matres
733 3392 742 3414 .
772 3342 971 3424 Mendose',
1004 3337 1246 3431 recolligitur

580 3460 622 3508 ex
663 3438 868 3511 editionibus
896 3443 1071 3512 correctis.
1088 3446 1107 3519 ,'
1130 3454 1165 3507 et
1191 3461 1251 3529 po·

580 3538 699 3636 stulat.
718 3537 876 3609 carminis
916 3538 999 3623 lex,
1031 3561 1129 3632 quae>
1145 3537 1248 3610 tertio

588 3656 654 3707 oco
686 3640 887 3710 trochaeum
918 3638 1027 3730 exigit
1054 3686 1064 3707 .
1091 3636 1172 3709 Non
1198 3660 1251 3706 er-

585 3755 630 3827 go
669 3737 876 3809 Prudentius
913 3755 1036 3810 matres
1062 3734 1249 3831 hymnistas

582 3833 760 3924 appellat,
787 3838 844 3906 sed
863 3860 917 3908 eas
947 3840 1103 3908 hortatur
1119 3836 1249 3928 hymni-

577 3951 639 4008 re‚
665 3929 741 4000 sive
766 3936 932 4026 hymnum
968 3935 1083 4005 dicere
1119 3933 1152 4004 in
1183 3932 1250 4004 lau-

582 4027 661 4095 dem
681 4027 738 4097 SS.
753 4031 950 4125 Martyrum
966 4080 976 4102 .
995 4029 1135 4102 Vossius
1152 4028 1251 4123 iib.3·

581 4124 621 4192 de
638 4125 749 4194 utitis
764 4135 1052 4226 Sermonmopau.
1063 4144 1146 4225 pag.
1166 4153 1250 4225 447·

585 4221 760 4293 contendit
797 4225 997 4319 legendum,
1026 4228 1250 4321 Hymnistoe3

586 4322 687 4415 quia,
704 4322 778 4391 sede
808 4324 940 4419 quidem
959 4328 1086 4408 tertia,
1113 4327 1249 4419 inquit,

586 4420 818 4517 requirebatur
846 4418 1051 4493 trochaeuse
1079 4425 1137 4492 sed
1166 4445 1250 4495 actm

588 4522 765 4591 Prudentir‘
778 4524 848 4607 jam
877 4529 937 4595 νῦ
962 4520 1068 4616 vulgo
1089 4520 1250 4601 sonabat,

587 4629 625 4684 ut
638 4624 666 4685 Ε
679 4616 781 4690 breve
800 4669 811 4693 .
826 4619 1032 4693 Contrarius
1046 4619 1078 4693 ei
1093 4639 1142 4693 est
1155 4622 1250 4690 beda

590 4714 628 4783 de
652 4719 794 4801 Metris,
825 4720 883 4813 qui
911 4719 1083 4814 explicans
1115 4717 1251 4816 regulas

590 4811 753 4882 trochaici
784 4820 940 4891 carminis
983 4819 1136 4912 adiungit
1163 4868 1174 4890 .
1197 4825 1255 4891 ‘itt

590 4931 654 5007 quo
681 4907 858 5005 aliquando
888 4934 921 4987 et
951 4920 1047 4989 tertio
1078 4917 1148 4989 loco
1163 4922 1251 5015 prio·

590 5011 635 5079 ris
650 5010 812 5086 uersiculi
843 5016 1045 5107 spondaeum
1078 5015 1249 5112 reperies,

1306 2486 1379 2549 ut,
1409 2472 1528 2536 Fertor
1556 2465 1641 2536 caeli
1657 2515 1668 2548 ,
1697 2452 1924 2545 tremefactos
1954 2478 1966 2520 s

1304 2563 1419 2637 Verbis
1471 2578 1570 2658 urgot
1604 2564 1715 2660 leprae
1746 2553 1899 2627 morbos.
1926 2549 1962 2620 Si

1302 2663 1391 2734 enim
1420 2579 1468 2732 td
1491 2661 1599 2753 vulgo
1622 2661 1762 2732 sonabat
1791 2652 1970 2723 utEbre·‹

1200 2825 1204 2832 ,
1301 2784 1371 2840 ve,
1400 2781 1463 2828 cur
1480 2759 1574 2828 Beda
1608 2760 1641 2829 in
1669 2766 1814 2832 Terrae,
1846 2766 1880 2818 et
1907 2754 1970 2815 Le·

1299 2854 1381 2955 prae
1389 2856 1595 2947 spondaeum
1610 2873 1665 2936 ,et
1680 2877 1743 2923 non
1761 2848 1874 2941 potius
1892 2861 1976 2956 tro-e

1305 2958 1447 3027 charum
1464 2953 1606 3045 agnovit
1625 3003 1635 3023 .
1655 2951 1761 3044 Atqui
1794 2948 1887 3016 Reda
1915 2944 1971 3010 dr·

1305 3074 1423 3124 versos
1441 3068 1620 3143 poetarum
1640 3052 1673 3122 in
1692 3045 1851 3120 varianda
1864 3037 1984 3134 syllae
2101 3036 2104 3042 '

1307 3154 1425 3222 barum
1456 3150 1644 3242 quantitate
1660 3170 1739 3220 usus
1765 3134 1973 3236 diligentissi-

1307 3273 1361 3320 me
1375 3248 1531 3331 notavit;
1558 3265 1593 3320 et
1611 3248 1644 3318 in
1660 3250 1790 3340 hymno
1806 3289 1816 3322 ,
1844 3262 1885 3311 ex
1899 3254 1975 3328 quo

1309 3368 1367 3416 eos
1393 3353 1511 3414 versus
1553 3344 1765 3438 depromit,
1798 3338 1856 3433 qui
1886 3351 1984 3442 esca>

1311 3453 1478 3537 Hymnum
1496 3440 1584 3512 dicat
1611 3441 1708 3514 turbo
1721 3437 1893 3536 fratrum,
1912 3428 1984 3540 altr

1310 3556 1496 3614 occurrunt
1532 3540 1637 3612 tertio
1666 3540 1744 3611 loco
1788 3530 1970 3606 indubitati

1313 3641 1501 3732 spondaei,
1533 3665 1618 3733 quos
1649 3634 1796 3729 exempli
1818 3634 1894 3704 ioco
1920 3649 1974 3695 sea
2054 3660 2059 3667 ·

1313 3738 1419 3832 ligere
1436 3756 1595 3830 poterat,
1616 3738 1712 3811 velut
1730 3766 1739 3808 s
1758 3729 1975 3842 Virginisre-

1311 3852 1424 3933 ceptus
1449 3838 1605 3908 membris
1637 3833 1790 3905 Gabriele
1817 3847 1936 3900 nuncto
1953 3865 1972 3883 -

1312 3934 1423 4006 Turba
1452 3940 1603 4006 exomni
1629 3927 1845 4005 discumbenti
1853 3931 1972 4019 jugem

1313 4034 1444 4105 laudem
1455 4032 1597 4128 pertulit
1611 4070 1626 4085 ·
1643 4030 1800 4128 Spiritum
1816 4027 1880 4096 Dei
1890 4038 1977 4120 ptr-'—

1308 4135 1433 4220 fectum
1466 4130 1639 4202 Trinitatis
1655 4162 1657 4165 ·
1673 4126 1847 4200 uinculum
1862 4171 1873 4195 .
1890 4122 1976 4192 Seio

1312 4229 1536 4301 Prudentium
1567 4251 1667 4321 saepe
1685 4224 1891 4318 corripuisse
1912 4224 1971 4293 υΰ

1312 4331 1346 4400 iu
1372 4327 1551 4408 haeretis,
1591 4328 1771 4422 aenigma,
1802 4322 1942 4428 sphaera
1957 4323 1974 4398 ,²

1312 4425 1454 4518 aliisque
1470 4424 1663 4497 nominibus
1677 4420 1830 4519 graecis,
1857 4419 1916 4488 sed
1933 4415 1971 4484 td

1312 4525 1358 4596 ita
1375 4523 1501 4596 factum
1515 4526 1556 4596 ab
1574 4549 1615 4596 eo
1632 4541 1740 4618 puto,
1759 4518 1837 4611 quia
1854 4515 1971 4593 hujus·

1313 4622 1405 4695 modi
1435 4646 1539 4695 voces
1565 4645 1705 4716 graecae
1738 4616 1828 4723 illius
1844 4623 1973 4679 aetate·

1313 4721 1575 4804 scribebantur,
1599 4735 1701 4812 prout
1718 4716 1748 4786 in
1763 4705 1974 4818 quibusdam·

1313 4820 1490 4893 Prudentii
1510 4818 1715 4891 editionibus
1729 4810 1972 4884 observarint·

1313 4943 1354 4990 ne
1370 4900 1987 5012 diphthongoheresiumigmospbea.

1311 5040 1374 5099 ra,
1389 5024 1468 5088 etl
1494 5011 1591 5086 breui
1605 5006 1865 5105 proferebantur
1885 5048 1896 5073 .
1913 5002 1977 5077 du?
