5084 6234
837 812 1478 905 socrasrnsrrors
1790 837 1858 931 rt·

476 957 634 1073 seroqui
650 975 816 1041 cantum
833 955 999 1069 propius
1032 960 1280 1043 accedentem
1304 957 1358 1039 ad
1383 950 1654 1039 recitationem
1684 978 1850 1069 praetu-

479 1077 522 1163 lir
539 1140 550 1174 ‚
567 1075 719 1192 quique
738 1073 946 1158 Sotadicos
961 1073 1211 1159 Asianorum
1242 1072 1426 1158 modulos
1442 1071 1697 1186 exagitabat,
1716 1095 1850 1157 tamen

476 1194 663 1279 usitatam
699 1190 741 1271 in
773 1188 952 1274 Ecclesiis
980 1191 1221 1304 psalmorum
1252 1191 1598 1283 modulationem,
1626 1215 1665 1275 et
1680 1218 1850 1277 suavem

476 1311 691 1396 melodiam
705 1308 857 1421 egregie
871 1306 1109 1408 confirmat,
1131 1338 1354 1420 causasque
1370 1304 1602 1424 amplissime
1622 1307 1787 1424 exponit
1805 1308 1850 1394 in

473 1427 637 1546 epistola
662 1425 713 1509 ad
730 1423 1008 1509 Marcellinum
1022 1425 1095 1541 (r)
1113 1461 1123 1510 ι
1144 1490 1172 1527 ,,
1190 1426 1307 1539 Quid
1322 1455 1468 1510 causac
1485 1447 1619 1508 autem
1635 1425 1686 1512 sit
1701 1489 1714 1526 ,
1731 1426 1848 1539 quod

434 1620 439 1630 .
476 1607 506 1647 „
537 1542 730 1660 ejusmodi
754 1569 955 1626 sermones
984 1570 1081 1626 cum
1105 1543 1411 1643 modulatione,
1435 1568 1473 1627 et
1495 1542 1578 1626 oda
1601 1544 1850 1661 psallantur,

475 1722 506 1762 „
538 1689 795 1773 nequaquam
812 1660 1208 1773 praetermittendum
1223 1688 1280 1747 est
1298 1724 1308 1746 .
1325 1660 1627 1774 Quidamenim
1658 1659 1760 1746 inter
1775 1693 1850 1750 nos

475 1834 506 1881 „
535 1777 789 1891 simpliciores
804 1774 959 1861 tametsi
976 1778 1150 1865 credunt
1165 1842 1178 1880 ,
1193 1782 1313 1868 verba
1333 1808 1412 1865 esse
1427 1778 1624 1864 divinitus
1639 1776 1848 1894 inspirata,

476 1957 504 1999 „
536 1895 783 1983 arbitrantur
808 1920 941 1979 tamen
958 1902 1013 1981 ob
1028 1896 1119 1979 soni
1134 1896 1398 1994 suavitatem,
1427 1895 1753 2010 voluptatemque
1772 1926 1851 1981 au-

474 2075 504 2117 „
535 2012 641 2098 rium
656 2011 827 2127 psalmos
838 2010 956 2098 cani.
972 2074 986 2096 .
1007 2074 1016 2095 .
1046 2012 1176 2125 Quod
1193 2014 1328 2125 iraque
1345 2043 1438 2097 cum
1459 2014 1736 2099 modulatione
1751 2013 1852 2129 psal·

473 2191 503 2234 „
535 2130 588 2216 mi
605 2130 824 2230 dicuntur,
840 2129 883 2211 id
900 2157 984 2214 non
1000 2130 1044 2215 fit
1057 2158 1110 2215 ex
1128 2131 1261 2220 suavis
1279 2156 1500 2216 concentus
1515 2132 1683 2231 studi03
1708 2133 1780 2216 sed
1794 2131 1851 2215 si-

472 2309 503 2351 ,‚
534 2277 662 2363 gnum
692 2272 750 2333 est
788 2247 1020 2331 harmoniae
1057 2247 1349 2362 cogitationum
1378 2248 1537 2331 animae
1568 2312 1581 2349 ,
1613 2249 1851 2334 harmonica

470 2428 502 2468 „
534 2363 649 2448 lectio
666 2362 863 2448 indicium
879 2391 936 2451 est
956 2363 1115 2448 animae
1145 2390 1246 2450 recte
1277 2363 1549 2479 compositae,
1575 2390 1700 2477 atque
1736 2391 1852 2451 tran·

472 2539 508 2583 „
539 2479 684 2593 quillae
702 2505 775 2565 erc.
790 2541 849 2579 ‚‚.

531 2598 600 2709 56.
631 2597 758 2683 Aede
779 2598 954 2710 Hymnis
971 2598 1072 2685 clare
1090 2600 1130 2683 S.
1149 2597 1368 2714 Gregorius
1391 2602 1604 2715 Nyssenus
1627 2594 1701 2711 (2)
1716 2597 1855 2711 loqui·

469 2738 538 2803 tur
555 2716 730 2816 „Sermo
746 2740 881 2800 autem
898 2745 967 2829 per
983 2740 1107 2801 totam
1125 2743 1284 2802 noctem
1303 2714 1607 2803 circumsonans
1622 2715 1663 2799 in
1671 2715 1849 2829 psalmis,

470 2894 500 2934 ‚,
527 2833 676 2948 hymnis
691 2832 1023 2947 ,carmonilrusque
1036 2833 1296 2948 spiritualibus
1313 2861 1519 2950 tamquam
1535 2832 1686 2918 flumen
1713 2832 1853 2946 quod·

467 3012 497 3052 „
530 2951 623 3034 dam
637 2950 778 3066 gaudii
799 2979 871 3065 per
905 2952 1223 3036 auresomnium
1241 2949 1416 3038 influens
1449 2983 1525 3037 nos
1551 2951 1699 3066 optime
1725 2950 1855 3065 reple-

471 3130 501 3169 „
530 3067 589 3155 vit
604 3128 632 3168 „
653 3130 662 3151 .
680 3069 863 3185 Gregorii
882 3093 1018 3153 autem
1035 3070 1289 3153 Nazianzeni
1307 3068 1410 3153 inter
1430 3070 1506 3152 alia
1526 3066 1704 3152 carmina
1725 3066 1772 3151 de
1790 3095 1855 3152 re·

470 3188 550 3273 bus
569 3185 686 3270 sacris
708 3212 846 3272 extant
871 3184 1016 3300 Hymni
1034 3189 1086 3271 ad
1100 3186 1287 3273 Christum
1302 3212 1391 3301 post
1405 3187 1593 3271 silentium
1611 3184 1653 3269 in
1671 3186 1854 3270 Parrhase

467 3301 635 3385 versibus
665 3304 836 3421 elegiacis
863 3338 892 3380 =
919 3305 1098 3417 Hymrtus
1121 3306 1174 3388 ad
1202 3307 1330 3389 Deum
1350 3304 1515 3390 carmine
1545 3302 1855 3388 anacreontica:

421 3447 423 3451 ⁴
472 3419 583 3503 Alias
595 3421 753 3535 hymnus
766 3424 818 3505 ad
842 3424 968 3505 Deum
992 3422 1159 3508 versibus
1179 3425 1451 3508 hexametris:
1467 3426 1648 3537 Hymnus
1674 3421 1726 3502 ad
1741 3417 1853 3500 Clrrt‘-

466 3565 568 3623 stum
598 3540 765 3625 versibus
789 3538 985 3624 iambicis.
1010 3541 1057 3622 ln
1084 3540 1258 3625 carmine
1280 3571 1380 3625 vero
1412 3539 1584 3625 iambico
1614 3566 1709 3647 15.,
1738 3531 1854 3647 quod

469 3654 745 3769 complectitur
761 3684 897 3740 rerum
912 3655 1165 3742 definitiones
1180 3658 1404 3768 quasdam,
1421 3653 1689 3769 hymnodiam
1709 3714 1723 3751 ,
1750 3651 1854 3766 psal·

470 3772 732 3886 modiamque
748 3773 989 3888 distinguit,
1017 3773 1238 3887 etexplicat
1262 3772 1363 3888 (3):
1382 3837 1412 3876 „
1429 3771 1642 3856 Modulata
1670 3769 1760 3853 laus
1792 3791 1853 3857 est

470 3952 496 3991 „
529 3893 739 4003 hymnus,
764 3915 811 3975 ut
825 3892 991 4006 quidem
1007 3893 1209 3988 arbitror;
1238 3920 1332 3977 cum
1365 3888 1552 3978 cantione
1580 3887 1759 4006 psalmus
1789 3908 1848 3972 est

475 4066 502 4103 ,‚
531 4009 749 4121 psalmodia
768 4070 820 4110 ,‚.
835 4012 888 4096 Et
904 4041 1041 4096 rursus
1053 4009 1098 4092 in
1114 4009 1290 4097 Carmine
1307 4008 1467 4097 iambico
1491 4009 1543 4095 de
1559 4008 1710 4099 Virtute
1722 4030 1848 4121 prope

480 4120 597 4211 finem
610 4154 854 4216 concentum
870 4129 1067 4214 alternum
1097 4128 1332 4244 praedicata

590 4246 779 4332 Nocrune
797 4309 811 4347 ,
830 4246 982 4347 cernis,
997 4272 1044 4331 ut
1056 4271 1178 4330 canat
1200 4244 1342 4331 laudes
1359 4247 1449 4333 Deo

593 4359 770 4447 Naturae
787 4360 958 4477 uterque
973 4393 1092 4449 sexus
1117 4362 1264 4451 oblitus
1278 4393 1376 4451 suae
1392 4427 1412 4466 ,

591 4473 708 4588 Quot
723 4539 735 4576 ,
753 4509 960 4593 quamque
985 4480 1113 4567 sancti
1129 4480 1151 4566 ‘l
1170 4483 1299 4568 cernis
1313 4482 1557 4600 Angelicum
1582 4481 1786 4573 chorum,

588 4592 675 4707 Qui
710 4624 821 4683 nunc
840 4598 986 4700 simul,
1003 4628 1117 4685 nunc
1133 4598 1290 4691 vicibus
1306 4602 1466 4687 alternis
1481 4600 1621 4696 canit,

527 4878 580 4963 (1)
610 4891 733 4955 tona.
747 4904 844 4976 oper.
857 4905 935 4977 pag.
949 4882 1034 4977 798.
1049 4903 1143 4953 num.
1237 4884 1294 4970 (a)
1317 4880 1359 4948 ln
1386 4877 1486 4945 Orat.
1507 4874 1549 4945 de
1578 4872 1667 4942 festo
1683 4867 1849 4942 Paschae.

481 4988 543 5060 ²7·
555 4988 587 5044 et
601 4998 698 5073 ltqq·
1242 4989 1296 5071 (3)
1319 4991 1525 5072 sersus„
1543 4987 1578 5045 et
1595 4973 1678 5066 146·
