5084 6234
676 813 762 904 1'1'6
1056 809 1074 860 ³³
1100 807 1149 893 D
1178 805 1315 894 E'·‘H
1336 807 1537 894 'Y'M'N
1557 811 1650 898 1³8·
1677 819 1703 868 '²'

672 947 767 1042 neni
782 941 1112 1065 devenit‚'quam
1125 949 1262 1035 seculo
1285 947 1350 1035 1-6.
1370 974 1428 1035 tot
1446 949 1656 1040 clarissimi
1673 952 1750 1042 viri
1767 957 2063 1064 contulerunt„

671 1070 794 1159 sacris
824 1097 991 1184 quoque
1009 1070 1142 1154 Musis
1162 1067 1481 1154 melior'lortuna
1513 1070 1691 1188 benigno
1708 1071 1807 1158 flatu
1838 1076 2056 1191 aspiravit.

669 1189 751 1277 sed
766 1214 814 1275 ut
829 1217 975 1305 magna
989 1186 1143 1301 ubique
1156 1187 1317 1304 vigebat
1334 1186 1493 1274 libertas
1517 1216 1605 1275 tum
1622 1191 1664 1273 in
1694 1191 1936 1308 Episcopis,
1967 1218 2060 1282 turn

670 1307 716 1393 in
736 1308 942 1424 Religiosis
957 1305 1170 1394 ordinibus
1186 1305 1317 1391 officia
1334 1305 1594 1394 ecclesiastica
1619 1310 1817 1397 arbitratu
1834 1341 1911 1396 suo
1927 1312 2060 1430 dispo·-

670 1423 798 1516 n'en'di
815 1492 829 1529 ,
847 1424 1048 1512 lladullus
1059 1425 1250 1520 Decanus
1266 1425 1519 1542 Tungrensis
1537 1427 1611 1542 (1)
1626 1460 1879 1545 summopere
1891 1456 2062 1520 conten.-

670 1547 756 1650 dit,
780 1572 828 1633 ut
848 1546 904 1631 ad
921 1547 1096 1658 hymnos
1108 1545 1299 1635 breviarii
1319 1543 1494 1636 Romani
1514 1547 1655 1662 reliqui
1674 1548 2061 1654 conformarentur,

669 1665 855 1755 invectus
872 1667 914 1750 in
932 1666 1132 1779 quosdam
1149 1663 1381 1776 Regulares,
1398 1663 1469 1776 qui
1488 1666 1540 1753 ab
1558 1665 1692 1755 officio
1710 1667 1896 1754 ecclesiae
1913 1673 2066 1756 lloma·

668 1813 746 1869 nae
774 1784 1086 1871 dissentiebant·
1106 1787 1169 1868 De
1183 1781 1349 1899 Hyrcanis
1363 1809 1505 1883 aurem,
1523 1782 1676 1895 inquit,
1691 1786 1857 1873 metricis
1875 1789 1984 1871 valde
2001 1819 2064 1873 cu·

664 1906 827 1989 tondum
845 1935 932 2006 est,
961 1935 1008 1988 ne
1021 1922 1222 1988 concentor
1235 1900 1354 2015 aliqui
1367 1963 1381 2000 ,
1395 1900 1471 1985 nisi
1484 1906 1711 2020 approbati,
1743 1927 1782 1991 et
1797 1904 1888 1991 editi
1902 1967 1915 2004 ,
1934 1933 1978 1989 ut
1992 1938 2062 1989 su·

658 2053 733 2140 pro
746 2024 888 2109 dicrum
907 2053 982 2108 esc.
1002 2021 1163 2139 Reprodi
1177 2046 1304 2124 autern
1323 2019 1585 2135 utplurimum
1603 2025 1710 2114 nosci
1715 2046 1881 2141 possunt
1894 2026 1955 2108 vel
1967 2023 2058 2138 quio

663 2172 741 2228 uon
756 2163 849 2229 sunt
861 2142 1080 2262 generales,
1095 2143 1156 2227 vel
1164 2140 1254 2255 quio
1268 2149 1428 2224 rne'crum
1444 2141 1582 2228 hubent
1596 2172 1812 2260 cenapium
1883 2141 2063 2229 Securius

663 2255 838 2378 cariequi
849 2292 992 2347 rnorem
1009 2263 1223 2347 Romanurn
1243 2288 1315 2345 etc.
1334 2319 1363 2361 ,‚
1673 2360 1676 2368 Ι
1974 2289 1978 2294 ·
2055 2295 2062 2372 j

730 2383 826 2497 146.
860 2379 1008 2467 Acrius
1022 2379 1211 2465 Sincerus
1229 2377 1505 2464 Sannazarius
1526 2382 1664 2468 ceteris
1691 2381 1845 2502 legibus
1866 2401 2064 2496 venustae

664 2521 744 2587 tem
761 2562 775 2601 ,
794 2530 833 2588 et
848 2498 1098 2619 elegantiarn'
1111 2496 1301 2613 adjunxit
1317 2497 1358 2581 in
1370 2500 1534 2611 hymnis
1549 2500 1592 2584 in
1609 2503 1808 2587 hono'rem
1823 2503 1862 2585 S.
1884 2496 2066 2585 Gaudio·

663 2618 725 2704 si.
761 2620 926 2737 Quippe
966 2618 1066 2704 mira
1084 2614 1237 2733 ingenii
1264 2616 1670 2710 dexteritate-tubam
1704 2619 1809 2706 illam
1838 2643 2065 2715 sonoram,

663 2765 748 2850 qua
766 2738 807 2821 in
831 2765 1071 2856 argumento
1090 2735 1213 2823 ctiam
1244 2764 1359 2820 sacro
1375 2738 1422 2820 de
1450 2739 1569 2824 Portu
1591 2738 1763 2856 Virginis
1779 2768 1880 2823 usus
1896 2735 2062 2835 fuerat·,

661 2859 715 2941 ad
737 2859 966 2947 suaviorem
981 2861 1111 2969 Lyrae
1138 2883 1274 2941 sactae
1301 2853 1647 2956 modulationem,
1683 2855 2062 2966 ecclesiasticamque

662 2978 1003 3064 consuetudinem
1018 2975 1181 3063 feliciter
1200 2972 1428 3063 convertit.
1461 2976 1540 3060 Sed
1558 2974 1699 3092 paucis
1724 2974 1888 3088 hymnis
1915 2972 2063 3072 editis',

659 3094 729 3182 vix
747 3098 1003 3213 exemplum,
1038 3093 1284 3183 desiderium
1318 3117 1420 3180 certe
1460 3092 1632 3179 aliorum
1648 3092 1841 3179 similium
1869 3090 2061 3205 reliquit.

659 3211 860 3331 Georgius
876 3245 972 3303 vero
989 3216 1221 3303 Cassander
1240 3214 1283 3297 in
1302 3212 1471 3327 hymnis
1498 3212 1769 3300 ecclesiasticis
1787 3278 1800 3314 ,
1819 3242 1923 3327 quos
1939 3211 2061 3296 scho-

659 3330 721 3419 liis
736 3332 948 3420 illustratos
965 3333 1092 3418 edidit
1109 3396 1123 3432 ,
1148 3332 1295 3417 multos
1312 3359 1489 3419 recenset
1508 3336 1698 3430 alacobo
1714 3328 1891 3445 Meyero
1907 3385 1921 3425 ,
1939 3354 1977 3415 et
1990 3330 2062 3425 Jo-

659 3448 765 3537 doco
792 3451 1003 3541 Clictoveo
1039 3452 1094 3537 ad
1108 3450 1298 3538 carminis
1314 3448 1415 3568 leges
1445 3451 1819 3538 revocatos.1nrer
1851 3452 2058 3559 hymnos,

658 3573 766 3684 quos
780 3569 1179 3687 Cassander'collegit
1197 3634 1211 3673 ,
1238 3568 1352 3656 multi
1369 3597 1468 3660 sunt
1485 3600 1507 3656 a
1526 3572 1729 3683 Meyero,
1760 3597 1799 3655 et
1814 3566 1968 3667 ,lodoco
1987 3564 2058 3677 dee

659 3713 749 3775 nuo
767 3689 951 3791 conditi,
981 3720 1020 3780 et
1044 3694 1123 3779 sub
1156 3719 1299 3777 eorum
1328 3691 1493 3778 nomine
1526 3690 1795 3807 proferuntur
1819 3750 1829 3772 .
1849 3689 1919 3772 Est
1934 3682 2056 3769 etiam

656 3806 840 3917 hymnus
848 3810 901 3893 od
907 3810 1146 3934 Sanguinem
1158 3813 1249 3907 Jesu
1268 3807 1408 3897 Christi
1424 3812 1622 3926 eleganter
1641 3805 1885 3925 compositus
1901 3867 1915 3904 ,
1930 3827 2055 3914 quem

659 3921 894 4015 Cassander
909 3932 1107 4020 existimat
1122 3959 1203 4016 esse
1215 3927 1416 4018 Ludovici
1433 3929 1570 4018 Vives.
1583 3926 1654 4043 (o)
1668 3927 1899 4016 Clictoveus
1915 3917 2055 4037 publi-

663 4119 675 4204 .’
709 4140 765 4228 (1)
794 4132 871 4210 lib.
886 4140 928 4213 de
943 4162 1110 4214 canonum
1138 4140 1325 4210 observan-
1393 4131 1727 4225 bliothecallispsna
1745 4139 1875 4203 Tomi.
1892 4142 1974 4225 pag.
2000 4145 2058 4225 58.

660 4230 889 4328 liaprop.13.
960 4305 964 4312 ,
1393 4248 1554 4308 notantur
1582 4231 1664 4301 haec
1693 4254 1798 4323 opera
1830 4227 1931 4301 simul
1965 4226 2058 4297 edite

654 4335 761 4422 '·’(e)
785 4331 953 4407 Nicolaus
986 4337 1154 4408 Antonius
1186 4348 1267 4406 tom.
1290 4357 1322 4406 ι.
1392 4329 1556 4409 Locronii
1582 4336 1689 4415 1506.
1705 4333 1795 4422 apud
1824 4324 2055 4401 Guilielmum

655 4427 795 4499 otiliae.
810 4451 917 4505 novae
931 4434 1102 4530 Hispanae
1113 4450 1193 4532 pag.
1216 4457 1296 4521 ¹09·
1315 4480 1327 4514 ,
1391 4436 1435 4506 de
1452 4434 1598 4508 Brocar,
1614 4446 1754 4500 curante
1770 4428 1907 4501 andrea
1919 4422 2057 4494 Gutiet·

647 4525 785 4603 ettam.
801 4554 836 4601 2.
858 4538 1181 4629 pag.179.doeet,
1210 4535 1325 4603 Anto·
1392 4555 1473 4604 ree:
1501 4525 1653 4597 Disticha
1672 4529 1829 4605 catanist
1862 4526 2054 4605 Plarerrem3

651 4626 763 4716 nium,
784 4628 1042 4706 Nebrissensem
1059 4682 1083 4716 „
1105 4639 1246 4724 ejusque
1273 4629 1326 4701 di·
1390 4630 1537 4728 qaiaque
1554 4627 1671 4697 claves
1686 4627 1873 4726 Sapientiae
1888 4649 1897 4689 r
1914 4616 2055 4691 Fabulae

647 4721 858 4828 “seiyrulum,¹
889 4748 924 4800 et
953 4730 985 4801 in
1004 4732 1106 4805 Scola
1130 4727 1323 4822 Hispalensi
1394 4726 1552 4824 strepi,
1586 4727 1741 4818 Hymni,
1771 4744 1853 4820 quos
1870 4719 1960 4787 canit
1986 4725 2052 4799 lto-

658 4825 894 4897 successorem·
906 4828 1045 4914 Petrum
1055 4826 1321 4923 NuhezDelga·
1388 4849 1487 4898 neae
1500 4824 1647 4897 Ecclesia
1662 4846 1735 4894 cern
1750 4816 1960 4914 Expositiorre
1987 4834 2052 4880 ae·

658 4922 704 4991 do
745 4920 906 5004 Scholia,
941 4941 976 4995 et
1013 4930 1259 5000 Annotationes
1287 4926 1321 4998 in
1387 4947 1445 4995 ree
1473 4922 1639 4996 lacohide
1667 4928 1752 4988 Lora
1779 4911 2052 4991 Grammaticae,

658 5017 816 5113 Hymnos
830 5022 1029 5115 scripsisse.
1059 5027 1234 5100 lotidem
1257 5024 1339 5098 Bi·¹
1387 5039 1499 5120 atque
1517 5018 1671 5094 Poeticae
1702 5014 1798 5108 tretis¹
1824 5005 2051 5100 molesteris,
