5084 6234
863 819 1510 910 socc-ssrnsrrcrs
1797 855 1882 944 143

489 960 715 1078 quodcum
730 960 790 1050 vis
808 987 1001 1048 notarum
1017 963 1261 1052 musicarum
1278 966 1322 1051 in
1337 965 1547 1056 vocalibus
1572 965 1645 1052 sita
1662 961 1741 1065 sit,
1758 964 1791 1052 si
1808 998 1878 1053 eae

490 1081 656 1200 plures,
677 1082 936 1200 paucioresve
954 1110 1076 1183 sunt,
1095 1114 1222 1197 quarn
1241 1086 1465 1172 modulatio
1480 1085 1631 1203 exigit,
1651 1086 1881 1188 abnormis,

491 1199 761 1312 dissonusque
778 1224 923 1286 cantus
944 1198 1169 1288 efficietur.

528 1369 531 1378 ι
552 1321 604 1406 16
609 1349 648 1433 5.
682 1321 792 1403 Nam
806 1349 892 1433 quo
903 1346 1022 1434 pacto
1038 1321 1213 1408 musicae
1229 1323 1323 1409 attis
1353 1321 1456 1408 ratio
1486 1349 1669 1411 constare
1690 1348 1818 1437 potest
1834 1325 1879 1409 in

485 1467 607 1528 versu
625 1439 755 1556 primo
772 1438 826 1522 ad
839 1437 1000 1522 Laudes
1013 1443 1052 1524 S.
1064 1440 1253 1526 Eulaliae
1269 1441 1334 1527 die
1356 1471 1422 1524 ιο.
1436 1441 1668 1530 Decembris
1683 1445 1798 1555 apud
1814 1445 1880 1529 ol-

486 1556 577 1645 licia
609 1554 770 1673 propria
794 1555 1063 1671 Hispanica‘l
1096 1562 1152 1644 lta
1184 1558 1296 1646 enim
1327 1560 1412 1650 ait:
1436 1563 1652 1676 Lampadrs
1678 1590 1874 1675 postremo

490 1676 647 1795 Virgini
658 1676 799 1793 ligatae
817 1735 829 1757 .
863 1676 1041 1791 Longior
1060 1703 1217 1766 estona
1235 1678 1387 1789 syllaba
1405 1738 1418 1775 ,
1446 1707 1567 1794 atque
1585 1678 1687 1765 adeo
1705 1710 1880 1767 consen·

485 1818 581 1896 tus,
619 1794 691 1908 qui
713 1792 908 1880 carminis
937 1796 1119 1911 sapphici
1135 1796 1325 1912 proprius
1341 1826 1431 1899 est,
1465 1798 1611 1910 nequir
1625 1798 1661 1882 ei
1679 1800 1879 1887 conveni-

484 1941 527 2000 re
546 1971 557 1995 .
585 1915 630 1998 ln
649 1942 758 1997 versu
775 1911 925 2027 quidem
942 1913 1022 2026 (ait
1038 1914 1188 2001 Cicero
1202 1915 1244 1999 in
1260 1914 1445 2030 Oratore)
1461 1918 1624 2002 Theatra
1655 1942 1734 2004 tota
1752 1919 1879 2005 recla-

484 2060 619 2134 mont,
645 2032 683 2117 si
691 2027 776 2139 fuit
798 2063 876 2116 ann
892 2033 1037 2146 syllaba
1066 2057 1137 2119 aut
1151 2033 1326 2132 brevior,
1356 2065 1428 2121 out
1452 2034 1632 2153 longior.
1666 2037 1715 2125 lit
1739 2036 1878 2125 rursus

485 2149 528 2236 in
539 2151 774 2238 Paradoxr’s:
791 2151 939 2236 Histria
969 2149 1004 2235 si
1012 2153 1132 2269 paulo
1166 2182 1206 2236 se
1219 2152 1339 2238 movit
1354 2176 1466 2241 entra
1483 2183 1683 2241 nutrieram
1701 2219 1715 2256 ,
1742 2177 1814 2242 aut
1843 2153 1879 2242 si

484 2296 615 2356 versus
639 2268 915 2385 pronunciatus
944 2295 1000 2354 ese
1027 2271 1169 2385 syllaba
1196 2302 1275 2356 una
1299 2272 1564 2369 autbrevior,
1593 2301 1667 2358 nur
1693 2275 1880 2391 longior,

483 2388 740 2490 exsibilatur,
772 2415 812 2473 et
847 2389 1090 2505 exploditur.
1124 2389 1172 2472 ln
1205 2388 1352 2503 templo
1382 2420 1430 2476 ea
1461 2388 1724 2487 deformitas,
1758 2417 1797 2478 er
1815 2392 1881 2494 di-¹

484 2507 707 2624 screpa'nria
727 2508 868 2624 aequis
883 2506 1057 2608 animis,
1091 2530 1131 2593 et
1146 2506 1317 2595 auribus
1334 2506 1590 2625 accipietur‘l
1615 2507 1771 2623 Quid?
1803 2510 1877 2597 ubi

484 2622 563 2710 sola
577 2654 715 2743 peccat
731 2627 934 2727 latinitas,
962 2627 1027 2713 v'el
1052 2626 1229 2740 syllabae
1260 2626 1497 2740 quantitas,
1528 2656 1668 2714 nonne
1687 2627 1877 2716 decervi-

483 2738 586 2832 tium
603 2746 848 2836 emendari‘l
879 2749 1031 2831 Nonne
1049 2745 1232 2834 eruditae
1261 2806 1276 2845 ‚
1303 2747 1587 2857 quamtumvis
1600 2745 1691 2863 piae
1705 2800 1724 2845 ι,
1760 2775 1877 2848 aures

483 2859 804 2969 abinconditis,
834 2865 1100 2978 absurdisque
1116 2864 1368 2955 carminibus
1382 2863 1641 2954 abhorrenti
1672 2864 1875 2970 Ferrerius

481 2973 526 3064 in
537 2984 703 3099 epistola
718 3047 734 3088 ,
750 3017 842 3104 qua
860 2984 1068 3070 Clementi
1081 2982 1174 3069 Vll.
1193 3014 1293 3071 suos
1310 2988 1487 3099 hymnos
1504 2979 1648 3084 offert,
1666 2982 1873 3097 praeclare

478 3097 766 3192 lr'anccausam
784 3131 950 3192 tuetur:
970 3166 998 3205 ,‚
1023 3108 1104 3189 Leo
1118 3104 1195 3203 X.,
1212 3102 1376 3217 inquit,
1406 3101 1598 3222 patruelis
1615 3127 1741 3203 tuus,
1780 3101 1876 3190 Cle·

478 3277 509 3321 ,‚
538 3219 652 3311 meus
667 3226 887 3314 beatissime
902 3287 915 3325 ,
933 3255 1027 3310 cum
1043 3229 1143 3309 esset
1159 3221 1215 3308 rei
1230 3223 1517 3312 ecclesiasticae
1533 3219 1874 3326 studiosissimus,

477 3379 509 3442 ,·,
537 3361 663 3445 ersseo,
683 3369 776 3462 ¹qua
792 3342 1159 3431 humanaslirteras
1175 3339 1345 3432 callebat
1360 3340 1600 3459 sagacitate,
1635 3340 1760 3448 odas,
1790 3339 1873 3446 siye

475 3516 507 3560 „
537 3461 740 3575 hymnos,
769 3465 921 3580 quibus
940 3464 983 3547 in
1003 3461 1080 3545 Dei
1096 3460 1272 3549 Maximi
1301 3460 1440 3546 laudes
1458 3458 1642 3573 quotidie
1674 3458 1868 3560 urimur,

476 3636 506 3678 „
538 3609 680 3671 attera
712 3583 934 3682 latinitate,
966 3605 1005 3666 et
1030 3604 1157 3666 metro
1183 3584 1367 3666 aberrare
1399 3576 1690 3694 perpenderet,
1725 3576 1870 3686 adjecit

479 3756 509 3798 „
538 3699 751 3818 animum,
780 3729 827 3788 ur
840 3701 901 3791 vel
920 3702 961 3783 in
982 3699 1121 3785 melius
1139 3694 1482 3793 reformarentur,
1505 3693 1568 3784 vel
1582 3694 1698 3808 juxta
1716 3719 1868 3779 rectam

478 3869 510 3917 ,s
538 3846 799 3921 mensutam,
824 3848 863 3907 et
881 3816 1116 3905 latinitatem
1151 3813 1312 3903 exclusa
1329 3809 1516 3902 barbarie
1541 3811 1591 3897 de
1613 3838 1724 3899 novo
1744 3842 1865 3899 excu-

476 3993 505 4036 ,‚
536 3934 759 4044 detentur,
794 3938 917 4053 idque
953 3935 1086 4023 oneris
1109 3933 1206 4020 meis
1233 3933 1414 4020 humeris
1446 3926 1743 4049 imponendum
1779 3960 1871 4016 cen·

476 4054 698 4152 datum
730 4059 804 4146 Ad
832 4058 1075 4145 obeundum
1106 4082 1275 4171 quoque
1303 4052 1349 4138 id
1365 4049 1869 4167 laborism'esummopere

474 4195 506 4272 3,
538 4171 762 4283 animavit,
793 4199 835 4266 er
864 4175 1052 4294 impulit,
1084 4172 1200 4293 quod
1231 4170 1305 4287 qui
1340 4176 1454 4262 bona
1483 4167 1679 4266 latinitate
1694 4164 1868 4287 praediti

474 4339 506 4390 „
533 4314 634 4377 sunt
651 4297 915 4402 Sacerdotes,
949 4295 1049 4381 dum
1066 4290 1249 4386 barbaris
1261 4290 1437 4382 uocibus
1462 4286 1604 4376 Deum
1621 4285 1785 4374 laudare
1801 4316 1872 4373 co·

472 4465 503 4509 „
530 4433 717 4522 guntur,
750 4418 800 4505 iu.
826 4414 953 4502 risum
993 4410 1215 4531 provocari.
1232 4412 1356 4508 Sacra
1401 4439 1519 4528 saepe
1561 4430 1863 4496 contemnunt.

466 4519 667 4640 'si-Quod
681 4561 884 4645 quantum
901 4532 1131 4621 damnabile
1145 4529 1222 4625 sir,
1244 4552 1505 4643 quantumve
1524 4526 1622 4613 huie
1642 4524 1749 4608 malo
1767 4520 1877 4610 obsi·

474 4703 503 4747 „
530 4646 720 4735 stenelum
736 4653 810 4754 sit,
837 4654 1007 4770 quilibet
1037 4675 1168 4767 aperte
1189 4646 1304 4736 novit
1318 4709 1378 4747 ‚,.

467 4761 632 4868 2166.
665 4766 856 4860 Videant.
869 4801 993 4887 ergo,
1024 4799 1074 4854 ne
1092 4762 1367 4886 ignorantiam
1396 4755 1601 4880 prodant,
1631 4753 1704 4876 qui
1718 4783 1871 4850 vanam

463 4873 625 4993 pietatis
639 4881 836 5003 speciem,
860 4875 1393 4999 amoremque'an'tiqujtatis
1416 4902 1693 4997 praetexentes
1714 4882 1868 4987 sbarba·

463 4991 568 5087 siem
586 5000 847 5115 hymnorum
856 5007 984 5102 veluti
1000 5034 1155 5094 sacram
1185 4995 1349 5116 uagus,
1368 4998 1414 5088 in
1432 4999 1589 5114 honore
1603 4997 1870 5110 habendam,
