5084 6234
697 1045 699 1050 «
737 983 781 1070 6.
825 984 987 1067 Laetare
1025 1006 1119 1098 ergo
1154 977 1197 1060 in
1227 976 1445 1078 Domino,
1476 1004 1524 1061 eo
1555 980 1670 1095 quod
1697 1006 1783 1066 noa
1813 980 1865 1069 sis
1893 978 2082 1068 fraudata

682 1098 891 1190 desiderio
918 1120 1022 1200 tu03
1056 1125 1153 1183 nam
1176 1125 1282 1210 quos
1314 1119 1428 1183 tanto
1459 1120 1635 1215 tempore
1651 1146 1680 1205 ·,
1711 1098 1863 1218 gemitu
1889 1125 2013 1202 teste,
2042 1120 2084 1188 et

684 1219 871 1310 oratione
911 1216 1113 1304 continua
1132 1213 1379 1331 concepisti,
1411 1243 1524 1301 nunc
1542 1242 1631 1332 post
1653 1218 1847 1338 glaciem,
1876 1243 1966 1340 post
1980 1220 2085 1331 hye-

680 1371 823 1441 mem,
864 1361 956 1455 post
985 1334 1178 1422 duritiam
1211 1331 1408 1446 frigoris,
1439 1361 1533 1450 post
1547 1341 1820 1423 austeritatem
1852 1341 1991 1433 nivis,
2020 1365 2086 1423 ve-

679 1463 743 1548 lut
764 1455 1061 1576 jucunditatem
1096 1481 1286 1571 agrotum
1322 1513 1335 1552 ,
1360 1451 1518 1569 frugem
1536 1518 1549 1554 ,
1567 1480 1605 1538 et
1622 1456 1746 1541 laetos
1776 1460 1892 1565 verni
1922 1452 2088 1576 (1)‚flo·

680 1610 777 1680 res,
805 1576 867 1667 vel
902 1573 1132 1661 adsidentes
1172 1572 1387 1661 vinearum
1409 1571 1613 1689 stipitibus
1629 1573 1812 1691 palmites
1842 1599 2007 1694 repente
2041 1575 2085 1660 in

682 1692 839 1818 gaudio
882 1690 1096 1811 peperisti.

727 1847 799 1928 ᾳ.
830 1816 938 1930 Ergo
955 1811 1155 1914 ,·frattes,
1188 1835 1274 1899 tota
1294 1812 1492 1900 charitate
1509 1810 1634 1897 animi
1662 1812 1887 1902 exultemus
1918 1815 1962 1901 in
1997 1810 2092 1900 Do-

681 1935 826 2033 mino,
874 1958 911 2018 et
927 1927 1145 2045 jubilemus
1171 1932 1261 2014 Deo
1290 1929 1455 2015 salutari
1480 1954 1649 2015 nostro.
1676 1935 1768 2019 Hoc
1791 1934 1844 2019 cle
1863 1960 1992 2021 cetero
2019 1959 2093 2047 per

683 2081 765 2152 ea,
812 2078 917 2162 quae
949 2046 1031 2163 jam
1060 2046 1217 2134 sublata
1243 2074 1375 2147 sunt,
1402 2077 1448 2133 ea
1477 2112 1491 2149 ,
1520 2055 1626 2161 quae
1653 2048 1789 2135 adhuc
1826 2078 2091 2170 expectantur

696 2168 941 2286 implenda,
968 2194 1067 2254 vera
1096 2194 1175 2251 esse
1204 2164 1450 2253 credamus.
1481 2168 1602 2281 Quae
1631 2167 1739 2251 enim
1756 2173 1935 2288 praefata
1960 2196 2059 2258 sunt
2073 2231 2091 2273 ,

683 2287 871 2379 Domino
918 2283 1077 2371 dicente
1091 2282 1196 2400 (2),
1222 2286 1331 2371 Alias
1345 2290 1559 2373 ouesltubeo
1577 2349 1590 2386 ,
1611 2318 1708 2403 attae
1734 2319 1811 2375 aaa
1836 2318 1925 2375 sunt
1955 2292 2093 2378 ethos

688 2408 794 2498 ouili
815 2464 829 2509 ,
854 2435 892 2491 st
916 2405 1005 2493 illas
1036 2424 1182 2521 oportet
1203 2435 1263 2490 me
1280 2404 1353 2519 (3)
1382 2409 1598 2506 adducere,
1623 2432 1668 2489 ur
1695 2408 1748 2492 sit
1765 2442 1865 2495 uaus
1891 2439 2021 2527 grex,
2051 2430 2092 2492 rt

687 2558 792 2617 unus
818 2528 956 2613 Pastor
978 2554 996 2625 ς
1032 2552 1120 2608 ecce
1154 2549 1398 2609 contuemur
1420 2524 1540 2611 fuisse
1563 2524 1760 2641 completa
1797 2591 1807 2612 .
1839 2532 1915 2614 Pro
1933 2558 2020 2642 qua
2048 2552 2099 2624 re¹

687 2678 779 2735 non
811 2645 1051 2731 dubitemus
1085 2666 1214 2728 totum
1247 2644 1452 2728 mundum
1483 2673 1595 2760 posse
1630 2643 1673 2725 in
1707 2644 1873 2734 Christo
1909 2647 2092 2746 credere,

692 2791 817 2878 atque
854 2762 1058 2844 adunam
1089 2758 1303 2846 Ecclesiam
1320 2762 1567 2850 convenire.
1596 2764 1811 2875 Quoniam
1831 2794 1971 2849 rursus
2002 2765 2091 2878 ipso

684 2882 925 2970 testificante
956 2877 1171 2965 didicimus
1217 2879 1260 2960 in
1294 2879 1514 2996 Evangelio
1540 2879 1610 2994 (4)
1642 2883 1670 2961 τ’
1698 2883 1754 2964 Ει
1772 2881 2092 2999 praedicabitur,

684 3002 854 3115 inquit,
883 3002 957 3087 ltoc
980 2996 1235 3121 Evangeliuta
1270 2999 1387 3118 regni
1416 2998 1459 3084 itt
1484 3001 1663 3085 uniuerso
1692 3002 1783 3086 orbe
1795 3063 1809 3103 ,
1848 2998 1889 3084 ia
1917 2999 2091 3088 testimo-

688 3120 798 3207 aium
815 3118 995 3207 omnibus
1012 3117 1220 3236 gentibus,
1251 3145 1291 3204 et
1303 3146 1424 3219 tuac,
1441 3116 1606 3232 inquit,
1636 3118 1759 3205 ueniet
1783 3120 2058 3208 consummatio
2077 3182 2090 3208 .

751 3240 793 3323 8.
829 3238 870 3322 si
896 3268 989 3354 ergo
1022 3235 1212 3322 remansit
1243 3266 1333 3353 pars
1350 3236 1485 3349 aliqua
1520 3237 1700 3339 mundi,
1729 3240 1791 3328 vel
1816 3269 1914 3358 gens
1938 3241 2092 3327 barba·

688 3389 766 3456 ra,
791 3386 923 3471 quam
953 3356 1051 3440 fides
1083 3383 1168 3439 non
1204 3354 1458 3442 irradiaverit
1490 3354 1677 3458 Christi;
1710 3358 1889 3470 profecto
1917 3356 2092 3444 creditu-

689 3505 780 3562 ram
806 3539 820 3578 ,
851 3476 1036 3590 atquem
1068 3503 1197 3557 unam
1229 3472 1450 3558 Ecclesiam
1475 3502 1558 3561 esse
1583 3500 1829 3578 venturam,
1861 3476 1975 3561 nullo
2006 3506 2090 3560 mo·

691 3595 747 3682 do
778 3596 1046 3693 dubitemus,
1075 3591 1107 3677 si
1131 3621 1181 3677 ea
1202 3653 1215 3693 ,
1240 3620 1348 3706 quae
1366 3593 1574 3681 Dominus
1596 3591 1729 3695 dixit,
1760 3624 1858 3684 vera
1894 3622 1974 3681 esse
2006 3623 2088 3711 pu-

686 3738 852 3802 tamus.
886 3715 995 3832 Etgo
1012 3776 1027 3816 ,
1042 3712 1212 3809 fratres,
1248 3711 1419 3827 reposita
1438 3739 1496 3799 est
1513 3713 1605 3800 loco
1624 3713 1881 3830 malignitatis
1900 3711 2091 3815 bonitas,

691 3833 890 3921 stercori
924 3830 1103 3919 occurrit
1127 3830 1302 3931 veritas3
1335 3860 1382 3918 ut
1410 3832 1509 3944 quia
1544 3831 1731 3950 superbia
1765 3833 1999 3949 linguarum
2027 3829 2095 3913 di-

689 3952 874 4045 versitate
910 3955 963 4039 ab
1002 3949 1158 4036 unione
1187 3975 1323 4065 gentes
1346 3976 1600 4065 separaverat
1613 3948 1687 4065 (5)
1702 4011 1717 4050 ,
1750 3980 1816 4037 eas
1842 3978 1983 4035 rursus
2002 3979 2094 4067 gre-

692 4070 778 4158 mio
805 4068 1080 4187 germanitatis
1113 4065 1310 4183 colligeret
1327 4066 1527 4170 charitas,
1558 4092 1600 4153 et
1616 4067 1962 4183 quemadmodum
1982 4097 2095 4156 unus

698 4214 900 4307 possessor
924 4213 982 4274 est
1007 4186 1290 4274 totiusmundi
1306 4185 1544 4290 Dominus,
1576 4186 1629 4272 ita
1656 4184 1806 4299 (6)ut
1835 4188 2095 4305 possessionis

692 4303 781 4425 ejus
806 4307 917 4401 esset',
935 4334 1070 4391 unum
1085 4332 1185 4405 cor,
1216 4329 1256 4391 et
1290 4306 1451 4391 animus
1470 4334 1584 4392 unus
1606 4304 1716 4420 (7)t
1743 4307 1832 4393 Pete
1847 4340 1873 4393 a
1887 4336 1974 4408 me,
1990 4304 2094 4421 (ait)

689 4446 730 4509 tr
758 4424 951 4513 tabaria·
984 4451 1136 4545 gentem
1166 4423 1434 4509 haereditatem
1468 4447 1608 4519 tuam,
1634 4447 1671 4508 et
1680 4427 1959 4538 possessionem
1980 4445 2089 4509 tuam

692 4546 875 4637 terminos
904 4572 1055 4635 terrae.
1088 4544 1301 4658 Propterea
1333 4572 1382 4631 ex
1418 4570 1509 4630 uno
1532 4542 1698 4630 homine
1727 4571 1999 4666 propagatum
2030 4562 2087 4627 est

748 4844 804 4932 (1)
829 4844 853 4915 f·
869 4845 959 4917 verit
1401 4850 1418 4937 l
1423 4850 1456 4935 3)
1486 4844 1542 4917 ΑΙ.
1558 4847 1599 4918 ad
1616 4872 1670 4921 me
1690 4869 1764 4919 exc.
1792 4849 1847 4937 (4)
1862 4840 2051 4936 Matth.24.

749 4946 804 5031 (ι)
827 4940 947 5027 Joann.
966 4963 1022 5015 ιο.
1046 4946 1131 5019 Mat.
1152 4946 1210 5019 28.
1240 4945 1349 5019 Marc·
1401 4952 1456 5036 (ς)
1484 4947 1611 5018 Gener.
1632 4969 1690 5017 ιι.
1798 4948 1852 5040 (6)
1879 4958 2003 5024 etexc.

708 5042 941 5141 1601111‘024·
1046 5076 1049 5081 “
1400 5050 1456 5138 (7)
1482 5040 1573 5118 Pul·
1596 5048 1772 5115 'scendo
1808 5081 1810 5086 ’
