5084 6234
933 794 1598 916 ncccnsrnsrrers

1163 1034 1201 1155 e.
1242 1038 1354 1123 xv.
1438 1056 1441 1063 ·

808 1220 1006 1328 Quaenam
1022 1212 1144 1325 fuerit
1162 1215 1433 1331 &Augustini
1455 1219 1501 1299 a‘e
1518 1218 1706 1336 rlqrnnis,

937 1362 1125 1446 cantuque
1152 1335 1344 1421 modulato
1363 1333 1545 1421 sententia
1564 1396 1575 1419 .

569 1536 644 1624 68.
672 1476 876 1623 Postulat
890 1554 1023 1616 tamen
1041 1532 1106 1618 hic
1122 1531 1261 1634 locus,
1282 1558 1329 1620 ut
1342 1558 1452 1619 mens
1469 1535 1510 1618 S.
1522 1531 1743 1649 Augustini
1765 1536 1947 1653 explano.

571 1650 709 1752 eumad
726 1679 855 1738 novos
871 1650 1046 1762 hymnos
1061 1650 1176 1764 quod
1201 1652 1373 1749 attinet,
1405 1675 1729 1765 concentumque
1747 1656 1947 1746 musicum

572 1769 618 1854 in
639 1765 822 1854 Ecclesiis
838 1829 848 1851 .
867 1770 975 1851 Nam
992 1769 1161 1881 quidam
1175 1769 1427 1884 opinantur,
1458 1770 1640 1853 carmina
1673 1770 1857 1857 humano
1891 1774 1950 1863 ine

577 1884 694 2003 genio
710 1883 928 2000 composita
959 1888 1012 1971 ab
1038 1883 1308 1971 ecclesiasticis
1337 1886 1606 1973 conventibus
1624 1917 1718 1972 eum
1744 1888 1951 2005 rejecisse,

573 2032 667 2089 cum
685 2001 739 2089 ita
753 2027 901 2101 wcontra
914 2003 1143 2091 Donatistae
1156 2001 1307 2117 scripsit
1318 2001 1390 2116 (1)
1402 2029 1414 2083 ε
1428 2005 1526 2101 „De
1545 2007 1620 2090 hac
1636 2034 1677 2089 re
1694 2030 1776 2092 tam
1795 2008 1879 2094 utili
1896 2007 1951 2092 ad

556 2181 603 2221 <‚,
634 2121 884 2209 movendum
898 2122 962 2237 pie
980 2121 1184 2221 animum,
1200 2146 1239 2205 et
1258 2119 1563 2206 accendendum
1593 2122 1755 2211 divinae
1771 2123 1952 2211 dilectio·

572 2298 603 2340 ,‚
635 2241 698 2324 nis
713 2235 896 2324 affectum
913 2239 1025 2326 varia
1046 2242 1300 2327 consuetudo
1310 2263 1380 2337 est,
1395 2261 1434 2322 et
1448 2237 1635 2352 pleraque
1656 2240 1699 2323 in
1714 2239 1855 2329 Africa
1875 2241 1954 2329 Ec·

438 2384 441 2388 ·
570 2411 605 2457 „
638 2355 777 2441 clesiae
794 2358 967 2443 membra
983 2356 1158 2473 pigriora
1176 2382 1274 2443 sunt
1294 2386 1306 2437 e
1334 2356 1452 2441 itaut
1471 2357 1711 2441 Donatistae
1732 2385 1805 2439 nos
1821 2388 1955 2472 repre-

574 2533 606 2574 „
638 2473 973 2586 hendant·,quorl
988 2477 1119 2597 sobrie
1149 2476 1353 2591 psallimus
1370 2473 1414 2555 in
1432 2472 1606 2560 Ecclesia
1630 2471 1769 2560 divina
1796 2475 1955 2561 cantica
2054 2485 2059 2498 “
2091 2482 2096 2491 ’

571 2654 602 2696 ,,
636 2593 956 2709 Prophetarum,
972 2625 1066 2679 cum
1082 2593 1155 2708 ipsi
1173 2597 1379 2680 ebrietates
1393 2620 1486 2676 suas
1502 2593 1555 2677 nd
1583 2591 1774 2677 canticum
1784 2593 1959 2706 psnlrno·

572 2771 601 2813 „
631 2740 717 2796 tunt
733 2713 902 2795 humano
916 2709 1069 2830 ingenio
1086 2713 1371 2827 compositorum
1389 2709 1504 2824 quasi
1523 2712 1576 2795 ad
1592 2706 1748 2794 tabulas
1764 2710 1956 2795 exhorta-

574 2876 616 2931 „f
633 2828 754 2914 tionis
771 2826 1016 2921 inflamment
1033 2889 1090 2930 ,,.
1123 2831 1178 2915 At
1191 2830 1299 2914 enim
1328 2828 1419 2942 quis
1454 2859 1540 2913 non
1557 2828 1721 2923 videat,
1753 2825 1952 2941 planeque

575 2944 745 3045 sentiat,
770 2946 1076 3032 Donatistarum
1093 2947 1262 3063 psalmos
1283 2979 1318 3033 a,
1332 2950 1373 3031 S.
1392 2946 1644 3063 Augustino
1659 2944 1878 3058 improbari
1906 2972 1953 3029 ea

575 3062 710 3148 solum
739 3063 788 3147 de
808 3094 934 3150 causa
953 3127 966 3164 ,
985 3065 1100 3177 quod
1118 3065 1172 3151 ad
1194 3066 1374 3181 ipsorum
1389 3092 1555 3150 cantum
1570 3061 1776 3149 ebrietates
1809 3090 1953 3152 eorum

579 3176 956 3270 inflammarentur?
975 3183 1084 3297 Quis
1098 3213 1183 3268 non
1201 3182 1421 3298 intelligat,
1435 3185 1476 3267 S.
1496 3178 1778 3297 Augustinum
1793 3208 1880 3265 non
1896 3208 1978 3294 ge«.

583 3324 665 3378 nus
696 3296 824 3413 ipsum
855 3303 1109 3415 hymnorum
1131 3299 1515 3401 ecclesiasticorum,
1545 3299 1615 3386 sed
1645 3294 1959 3384 Donatistarum

577 3410 756 3502 insanias
773 3417 956 3505 humano
981 3420 1160 3534 ingenio,
1211 3446 1248 3507 et
1279 3447 1402 3507 sensu
1420 3418 1599 3503 numeris
1632 3412 1805 3500 inclusas
1823 3439 1958 3523 repre-

573 3529 1224 3653 hensionedignasexistimassei
1770 3530 1773 3536 ⁴

653 3652 724 3769 69.
756 3653 906 3769 Aperta
926 3685 987 3740 res
1003 3680 1059 3741 est
1075 3718 1088 3756 ,
1106 3656 1138 3741 si
1155 3685 1249 3772 prae
1267 3652 1394 3742 oculis
1409 3658 1640 3741 habeantur
1651 3677 1738 3738 tum
1757 3679 1804 3736 ea
1821 3713 1835 3752 ,
1853 3677 1959 3762 quae

572 3772 759 3887 proximo
774 3773 958 3889 superiori
981 3768 1019 3889 l.
1036 3802 1085 3859 ex
1102 3775 1143 3859 S.
1162 3776 1336 3862 Doctore
1357 3772 1646 3887 excripsimus,
1679 3795 1766 3853 tum
1790 3766 1961 3870 laudes,

578 3888 730 3999 quibus
745 3893 933 4000 Hymnos
948 3893 990 3975 S.
1005 3890 1210 3980 Ambrosii
1227 3892 1372 4010 passim
1390 3890 1669 4005 prosequitur.
1687 3886 1759 4003 (2)
1769 3949 1798 3988 „
1813 3888 1860 3970 ln
1878 3886 1957 3976 hoe

585 4060 613 4099 ‚‚
640 4005 743 4093 libro
763 4007 848 4097 dixi
871 4009 914 4091 in
931 4010 1110 4121 quodam
1125 4010 1213 4097 loco
1232 4012 1281 4094 de
1310 4006 1506 4126 Apostolo
1523 4009 1669 4108 Petro,
1690 4006 1805 4119 quod
1835 4004 1878 4089 in
1895 4004 1960 4091 illo

587 4176 617 4216 ‚‚
646 4145 849 4238 tamquam
862 4126 904 4217 in
920 4128 1029 4212 Petro
1046 4128 1219 4213 fundata
1236 4128 1286 4213 sit
1295 4126 1483 4224 Ecclesia,
1499 4126 1572 4239 qui
1583 4153 1723 4210 sensus
1739 4124 1855 4210 etiam
1870 4151 1964 4218 cant

582 4294 612 4336 2,
646 4260 749 4327 tatur
765 4274 832 4328 ore
850 4242 1070 4331 multorum
1097 4245 1141 4333 in
1171 4245 1356 4334 versibus
1375 4242 1585 4330 beatissimi
1616 4241 1849 4344 Ambrosii,
1883 4239 1958 4333 ubi

580 4410 612 4457 „
648 4353 698 4436 de
716 4356 828 4443 Gallo
847 4360 1076 4447 Gallinaceo
1094 4363 1172 4448 ait:
1192 4367 1280 4448 Hoc
1293 4363 1375 4479 ipsa
1390 4364 1500 4448 Petra
1514 4361 1875 4448 Ecclesietcnnente
1890 4359 1968 4445 cul·

580 4530 611 4573 ‚,
634 4502 730 4586 pum
749 4475 860 4562 diluit
873 4541 903 4579 „
914 4479 1006 4595 ‚(3)
1023 4482 1145 4565 Eram
1161 4481 1205 4563 in
1221 4482 1322 4570 lecto
1338 4510 1429 4566 meo
1444 4481 1553 4578 solus
1568 4478 1800 4572 recordatus
1814 4474 1967 4580 veridi-

579 4592 708 4701 „⁸90⁸
735 4620 877 4691 versus
904 4595 1107 4696 Ambrosii
1138 4599 1200 4692 tui
1238 4633 1267 4689 e:
1299 4599 1359 4683 Tu
1389 4626 1445 4682 est
1477 4601 1575 4681 enim
1611 4598 1720 4679 Deus
1752 4595 1897 4700 'creator
1919 4622 1971 4694 ογ.

1609 4714 1650 4802 H
1679 4798 1686 4806 .

634 4870 687 4953 (r)
713 4871 882 4961 Epiet.55.
894 4874 992 4949 liba.
1007 4881 1047 4951 ad
1063 4879 1249 4977 inquisitio·
1348 4882 1404 4961 (2)
1426 4821 1548 4947 nm
1564 4835 1915 4965 Retract.cap321.“'
1955 4925 1963 4952 .

598 4962 830 5051 luetuenuarii
844 4994 1002 5073 num.34.
1311 4987 1315 4995 '
1350 4977 1406 5070 (3)
1421 4972 1545 5080 ¹Lib.9·
1559 4968 1717 5047 Remea·
1729 4970 1822 5065 cap-l
1832 4994 1867 5041 t.
1958 4972 1964 4984 '
