5084 6234
996 813 1105 897 DE
1164 805 1589 903 HYMNIS'

572 970 630 1059 ira
645 958 908 1080 explicandus
926 979 984 1041 est
996 952 1192 1044 Paulinus
1208 953 1283 1069 (1)
1299 982 1310 1040 t
1327 1014 1357 1055 „
1388 961 1477 1043 Hoc
1495 956 1539 1044 in
1557 983 1730 1079 tempore
1744 963 1954 1078 primum,

571 1147 605 1197 ‚,
634 1082 799 1202 inquit,
836 1075 1114 1191 antiphonae,
1146 1074 1320 1187 hymni,
1351 1103 1398 1159 ac
1424 1077 1582 1194 vigiliae
1613 1079 1655 1164 in
1673 1079 1955 1173 Ecclesiaste-

572 1251 605 1313 „
636 1195 864 1291 diolanenti
882 1192 1069 1282 celebrari
1087 1218 1309 1307 coeperunt
1328 1253 1339 1275 .
1381 1194 1519 1310 Cujus
1538 1196 1774 1288 celebritatis
1791 1201 1958 1292 devotio

573 1390 603 1433 „
634 1348 764 1437 usque
792 1317 835 1400 in
862 1314 1108 1399 hodiernum
1140 1311 1247 1401 diem
1258 1343 1344 1399 non
1385 1314 1516 1399 solum
1528 1316 1570 1401 in
1596 1315 1769 1404 Ecclesia
1791 1321 1955 1409 Medio·

572 1506 603 1551 „
633 1436 829 1538 lanensis,
872 1461 1018 1522 verum
1051 1461 1127 1548 per
1168 1461 1304 1517 omnes
1324 1462 1424 1548 pene
1457 1430 1694 1521 Occidentis
1724 1437 1955 1529 Provincias

572 1553 771 1670 „manet
785 1615 815 1657 „
848 1616 858 1638 .
893 1547 1089 1669 Apertius
1124 1550 1281 1638 indicat
1324 1554 1496 1668 Prosper
1528 1552 1837 1667 Aquitanicus,
1869 1588 1956 1645 non

575 1685 783 1797 hymnos,
812 1672 886 1764 sed
900 1669 1089 1755 modulos
1113 1693 1276 1757 tantum
1302 1668 1347 1753 in
1362 1669 1547 1757 Ecclesiis
1566 1670 1723 1757 Latinis
1752 1696 1854 1759 runc
1872 1678 1962 1794 pri.

574 1830 690 1888 mum
706 1794 827 1884 luisse
844 1790 1034 1879 inductos
1051 1787 1147 1903 (2):
1163 1850 1193 1890 „
1222 1790 1379 1902 Hymni
1395 1788 1601 1876 Ambrosii
1616 1789 1853 1907 compositi,
1882 1795 1959 1908 qui

575 1981 605 2024 „
636 1941 854 2028 nunquam
872 1937 964 1996 ante
984 1909 1026 1991 in
1045 1907 1231 1997 Ecclesiis
1249 1906 1403 1993 Latinis
1436 1907 1612 1994 modulis
1627 1912 1881 1996 canebantur
1898 1973 1927 2013 „
1946 1973 1962 2002 .

577 2036 688 2125 Huic
705 2030 892 2147 opinioni
907 2029 1014 2116 favet
1029 2025 1274 2112 Eustachius
1291 2055 1314 2109 a
1332 2026 1373 2109 S.
1390 2027 1553 2116 Ubaldo
1569 2090 1583 2129 ,
1597 2029 1761 2115 Dissert.
1775 2030 1822 2112 de
1839 2058 1957 2118 cantu

574 2188 598 2243 a
625 2157 669 2239 S.
685 2148 885 2240 Ambrosio
911 2146 952 2230 in
982 2144 1190 2232 Ecclesiam
1222 2142 1546 2233 Mediolanensem
1584 2147 1778 2235 inducto.
1811 2151 1958 2264 Neque

574 2270 748 2372 silentio·
767 2266 1111 2387 praetereundum
1131 2288 1218 2367 est,
1244 2262 1494 2351 vocabulum
1519 2267 1826 2379 Antiphonantm
1844 2329 1857 2369 ,
1874 2268 1959 2354 sive

575 2389 884 2504 Antiphonorttnr
922 2382 1081 2472 diverso
1111 2381 1233 2466 modo
1273 2386 1324 2469 ab
1357 2380 1536 2495 antiquis
1565 2382 1686 2469 fuisse
1719 2410 1959 2499 acceptum,

575 2539 622 2596 ac
643 2539 666 2593 a
682 2501 887 2593 modernis
912 2501 1177 2617 scriptoribus
1195 2561 1205 2581 .
1230 2498 1344 2591 Nam
1358 2498 1454 2583 olim
1470 2500 1590 2596 etiam
1603 2502 1752 2612 hymni
1767 2531 1839 2617 per
1851 2504 1965 2591 anti·

567 2630 750 2746 phonas,
782 2622 863 2708 sive
900 2620 1105 2736 antiphona
1127 2619 1220 2708 cani
1251 2618 1527 2722 dicebantur,
1562 2649 1657 2714 cum
1682 2620 1856 2706 alternae
1874 2652 1962 2706 mo·

576 2739 802 2831 dulationis
824 2765 1048 2826 concentus
1067 2736 1365 2837 adhibebatur,
1393 2734 1509 2852 juxta
1524 2738 1810 2857 proprietatem
1825 2739 1956 2855 graeci

575 2860 755 2954 nominis
785 2857 1013 2972 antiphonos
1029 2921 1043 2959 ,
1067 2854 1182 2972 quod
1210 2855 1410 2972 significat
1436 2883 1566 2943 contra
1600 2886 1768 2959 sonans,
1797 2887 1869 2944 seu
1898 2888 1961 2944 re·

574 2982 789 3098 spondens.
827 2975 1037 3092 Quocirca
1070 2974 1383 3088 antiphonarius
1414 2975 1589 3067 canendi
1627 2973 1806 3077 modus,
1840 2976 1960 3064 alter-

576 3128 706 3189 nusve
738 3098 989 3208 hymnorum
1016 3118 1162 3181 cantus
1178 3093 1495 3208 distinguendus
1525 3119 1585 3181 est
1598 3096 1651 3205 ab
1668 3092 1922 3212 Antiphonis
1939 3152 1959 3196 ,1

603 3244 682 3300 uae
714 3212 838 3298 modo
888 3214 931 3297 in
966 3213 1099 3299 officio
1140 3211 1408 3305 ecclesiastico
1459 3208 1736 3313 inseruntur,
1765 3240 1961 3328 quaeque·

575 3333 677 3417 nihil
693 3330 808 3416 aliud
822 3359 947 3429 sunt,
977 3330 1054 3415 nisi
1072 3330 1274 3444 quaedam
1292 3327 1540 3431 sententiae,
1574 3356 1615 3419 et
1628 3333 1718 3447 piae
1732 3330 1954 3448 particulae

575 3452 692 3538 certis
720 3450 762 3532 in
779 3449 876 3536 locis
901 3448 1142 3564 dispositae,
1169 3479 1213 3534 ac
1247 3449 1515 3554 distributae;
1546 3479 1725 3562 quarum
1753 3479 1852 3533 usus
1866 3478 1953 3560 quo

574 3592 754 3684 tempore
772 3568 972 3684 coeperit,
1003 3563 1193 3657 nondum
1223 3569 1319 3654 satis
1352 3592 1411 3654 est
1428 3590 1679 3682 compertum
1695 3630 1707 3653 .
1723 3569 1781 3653 V.
1800 3563 1957 3650 Cardi-

578 3687 681 3772 nalis
695 3685 940 3776 Thomasius
954 3682 1028 3799 (3)
1045 3684 1098 3769 ita
1115 3685 1399 3805 Antiphonam
1430 3681 1602 3782 definit,
1632 3712 1681 3773 ut
1696 3685 1749 3774 sir
1759 3683 1957 3773 Sententia

577 3804 815 3943 intercqlqris
848 3866 862 3910 ,
899 3833 1013 3923 quarn
1050 3805 1196 3899 Chorus
1236 3808 1348 3893 choro
1380 3804 1491 3897 alteri
1515 3805 1699 3933 psallenti
1729 3802 1958 3933 respondens

578 3951 800 4012 intercinat.

641 4042 712 4129 66.
747 4044 809 4129 De
828 4039 1077 4127 carminibus
1096 4066 1232 4128 autem
1261 4043 1345 4130 suis
1358 4042 1538 4159 loquitur
1554 4044 1594 4129 S.
1607 4040 1848 4134 Ambrosius
1862 4041 1960 4161 (4):

581 4217 611 4262 „
641 4159 791 4247 frustra
810 4160 1015 4273 hymnum
1032 4158 1273 4277 virginitatis
1306 4162 1501 4278 exposui,
1526 4191 1611 4276 quo
1640 4187 1680 4250 et
1691 4159 1858 4281 gloriam
1874 4193 1965 4281 pro·

580 4336 611 4380 „
640 4277 793 4393 positi,
826 4303 866 4365 et
890 4280 1187 4365 observantiam
1218 4280 1366 4397 pariter
1391 4283 1672 4384 decantares„
1694 4343 1706 4365 .
1746 4278 1796 4366 Et
1814 4279 1962 4369 clarius

584 4454 614 4498 „
642 4394 716 4512 (5)
734 4424 746 4479 t
763 4459 791 4500 „
822 4400 1084 4509 Hymnorum
1099 4427 1265 4512 quoque
1281 4428 1466 4486 meorum
1484 4398 1736 4489 carminibus
1753 4397 1965 4516 deceptum

582 4571 611 4617 „
638 4515 839 4634 populum
855 4516 1028 4606 ferunt·
1053 4514 1173 4603 Plane
1203 4547 1277 4612 nec
1296 4518 1375 4613 hoc
1393 4521 1565 4611 abnuo.
1599 4521 1769 4616 Grande
1798 4543 1963 4610 carmen

628 4825 688 4911 (1)
716 4820 829 4892 ViraS
857 4797 1030 4896 Ambrosii
1046 4842 1201 4913 num.t3.
1351 4824 1404 4916 (4)
1432 4819 1486 4892 Ad
1501 4820 1677 4913 Virginem
1695 4812 1819 4905 lapsam
1837 4833 1913 4903 cap.
1927 4832 1963 4901 7.

637 4924 693 5006 (a)
719 4919 756 4989 ln
773 4920 952 4990 Chronico
966 4925 1027 4994 sub
1042 4920 1250 4991 Theo-losio.
1351 4929 1403 5006 (ς)
1431 4921 1592 4992 Sermone
1612 4931 1728 4986 contra
1747 4908 1965 4993 Auxentium

637 5021 691 5113 (3)
711 5016 751 5093 ln
763 5016 920 5094 Praefad
933 5017 1050 5112 Resp,
1059 5034 1093 5091 et
1101 5017 1246 5115 Antipb.
1297 5016 1340 5090 de
1363 5016 1513 5094 basilicis
1530 5010 1700 5087 tradendis
1716 5032 1812 5083 numa
1829 5026 1891 5108 34.
