5084 6234
675 837 763 949 t9'o
1063 821 1682 919 otttthtttts·

660 973 859 1092 judiciam
873 972 1026 1063 nanum
1044 967 1300 1070 examinaro,
1329 997 1373 1057 nt
1388 990 1480 1056 sunt
1508 972 1679 1060 connino
1702 971 1921 1092 vulgarium
1932 1006 2072 1095 poeta·

672 1125 794 1180 rum.
827 1092 880 1181 Et
894 1094 1044 1211 quidem
1059 1090 1254 1206 rhythmus
1278 1089 1359 1175 sine
1388 1115 1511 1178 metro
1535 1123 1614 1178 esse
1622 1112 1775 1207 potest,
1803 1125 1964 1203 mennam
1980 1130 2069 1189 vern

671 1212 757 1300 sine
771 1216 941 1331 rhythmo
955 1241 1033 1298 esse
1048 1240 1124 1295 non
1134 1232 1294 1323 potest,
1323 1211 1428 1325 quod
1455 1211 1636 1325 liquidius
1665 1212 1721 1299 ita
1736 1212 1943 1331 deyimtur,
1971 1222 2070 1305 Me-

671 1353 774 1419 ttum
788 1354 847 1418 est
874 1332 973 1419 rozio
1003 1359 1089 1418 cnm
1106 1324 1392 1415 modulatione:
1420 1331 1839 1446 rhythmasmodnloria
1854 1333 1938 1421 sine
1952 1337 2071 1426 entio-

670 1477 723 1539 tte
742 1483 755 1536 e
765 1450 989 1570 plerumque
1020 1477 1150 1536 comen
1179 1474 1270 1535 casu
1284 1449 1450 1564 quodam
1471 1446 1666 1534 innnu'ens
1689 1451 1804 1537 etiam
1825 1454 2008 1541 rationem
2021 1456 2070 1542 in

669 1573 840 1691 rhythmo
862 1603 950 1658 non
963 1566 1122 1685 nnr‘ficis
1150 1569 1407 1675 moderatione
1436 1594 1626 1655 renatam
1644 1630 1662 1680 Ι,
1689 1571 1761 1658 secl
1780 1602 1903 1675 sono,
1932 1595 1970 1662 et
1985 1574 2070 1692 ipse

670 1692 934 1778 modulatione
947 1693 1109 1777 ducente
1124 1749 1148 1788 ,.
1166 1717 1278 1805 quem
1295 1691 1476 1807 vulgares
1500 1710 1642 1811 poetae
1657 1716 1809 1778 necesse
1822 1717 1882 1778 est
1896 1694 2070 1799 rustice,

669 1811 775 1899 docti
797 1808 951 1923 sermons
975 1813 1081 1897 docte
1100 1806 1203 1924 (a).

699 1989 718 1999 -·
739 1958 838 2042 215.
869 1934 968 2015 Erat
984 1925 1098 2044 apud
1113 1950 1264 2014 veteres
1282 1923 1325 2010 in
1345 1954 1424 2011 usu
1442 1927 1571 2044 figura
1589 1926 1790 2014 rhetorica
1815 1928 1922 2018 dicta
1934 1928 2072 2020 simili-

669 2075 730 2134 ter
743 2048 928 2133 desinens
946 2110 960 2148 ,
978 2072 1073 2132 cum
1089 2043 1286 2131 orationis
1300 2048 1477 2135 membra
1495 2108 1511 2148 ,
1526 2046 1590 2136 vel
1614 2046 1774 2161 articuli
1803 2050 1950 2164 eodem
1976 2079 2073 2138 mo-

671 2165 731 2252 do
765 2167 1119 2266 terminabantur,
1151 2162 1329 2251 etaltera
1364 2164 1543 2252 similiter
1559 2167 1701 2253 cadens
1716 2167 1941 2284 appellata,
1971 2192 2069 2258 cum

676 2284 796 2408 plura
808 2284 1019 2375 uocabula
1036 2311 1107 2400 per
1121 2281 1284 2369 eosdem
1314 2312 1464 2390 casus,
1493 2310 1534 2370 et
1547 2312 1618 2403 per
1636 2285 1973 2403 eadem-tempora
1990 2286 2069 2374 sibi

672 2404 1021 2505 consentiebant,
1049 2426 1089 2490 et
1118 2401 1236 2518 quasi
1266 2402 1543 2495 concinebant
1576 2400 1674 2520 (b).
1704 2406 1846 2521 ltaque
1873 2431 1990 2525 saepe
2022 2404 2069 2492 in

700 2612 772 2708 ’(α)
802 2607 971 2703 Rhythmi
989 2603 1202 2678 definitiones
1216 2628 1259 2678 ex
1283 2630 1340 2678 an·
1400 2610 1479 2684 dem
1496 2607 1694 2703 pertinent,
1725 2629 1812 2700 quae
1836 2608 1880 2681 de
1900 2611 2065 2706 rhythmo

674 2704 884 2802 tiquioribus
897 2702 1039 2799 collegit
1053 2699 1206 2773 Bacchus
1219 2702 1340 2776 Senior
1401 2707 1543 2800 exponit
1561 2703 1729 2779 Aristides
1743 2703 1979 2798 Quintilianus
1996 2756 2008 2790 ,
2026 2723 2063 2779 et

670 2803 988 2880 itt‘tnsrodurtione
1026 2800 1130 2873 sartis
1164 2801 1337 2885 musicae,
1401 2803 1609 2877 Meihotnius
1639 2819 1890 2880 commentatur
1918 2805 1960 2875 ad
1991 2806 2069 2887 eius·

671 2927 778 2999 quem
795 2900 925 2996 primus
943 2901 1043 2974 iatine
1062 2898 1191 2983 vertit,
1221 2917 1255 2973 et
1274 2923 1337 2972 no·
1397 2901 1510 2975 liin.
1527 2903 1566 2973 te
1580 2901 1714 2973 Musica
1727 2898 1912 2982 Vainnn,
1924 2911 1967 2973 ex'
1979 2901 2068 2973 ttu-

671 3006 715 3078 tis
744 3001 932 3075 illustravit
958 3001 1094 3073 Marcus
1126 2997 1336 3073 Meihomius
1396 3000 1504 3075 tarchi
1520 3000 1604 3074 Mas.
1614 2998 1925 3089 possessionibus
1939 2998 1972 3072 in
1984 2997 2064 3071 Pto·

609 3137 612 3143 ,
668 3099 1022 3198 „amstelodamiapud
1047 3099 1254 3172 ludovicum
1278 3098 1335 3171 El·
1395 3102 1592 3182 iomanem,
1624 3122 1666 3171 ex
1682 3097 1808 3192 suida,
1839 3117 1873 3171 et
1888 3097 2060 3172 Martiano

668 3199 840 3278 ervisium
860 3204 965 3285 1652.
983 3199 1071 3269 inter
1089 3196 1172 3270 alios
1189 3198 1237 3270 rei
1256 3223 1332 3271 mu·
1394 3197 1538 3293 Capella
1550 3198 1865 3291 argumentumhoc
1878 3194 2065 3281 illustrans.

518 3291 539 3299 ’
668 3297 759 3393 sicae
790 3294 974 3386 scriptores
993 3296 1064 3366 Vol.
1081 3320 1142 3368 2..
1172 3296 1270 3382 Quia
1286 3308 1334 3364 est
1395 3297 1492 3391 Quin
1508 3295 1665 3367 audimus
1680 3294 1919 3368 Ciceronem?
1948 3295 2068 3389 Qir-

670 3394 884 3493 lthythtnus?
910 3392 1066 3492 temporis
1092 3414 1337 3464 commensura·
1395 3395 1478 3493 quid
1495 3406 1582 3475 est,
1598 3402 1614 3482 (
1630 3391 1739 3486 inquit
1770 3399 1863 3466 orat.
1890 3393 1953 3482 inl.
1980 3414 2064 3483 ¹03·

671 3497 722 3570 tio
737 3494 830 3582 lacto
846 3493 987 3593 quoiam
1004 3506 1093 3564 terto
1108 3491 1337 3564 motuherun·
1396 3493 1475 3565 edit.
1491 3490 1593 3578 midi,
1609 3497 1720 3561 Vener.
1741 3498 1875 3587 1514.)
1893 3492 1984 3590 quod
1997 3488 2062 3561 suh

670 3598 749 3669 lntn
765 3593 953 3665 vlmedrum
980 3613 1061 3664 vero
1090 3589 1262 3686 rhythmus
1289 3605 1337 3661 est
1396 3592 1531 3666 numum
1552 3611 1741 3666 merserant
1771 3589 1922 3689 aliquam
1938 3588 2026 3661 cadit
2050 3636 2069 3671 ,

669 3690 877 3793 syllabarum
907 3690 1023 3788 aliqua
1041 3692 1169 3762 tatione
1198 3690 1285 3762 inter
1302 3711 1336 3760 se
1388 3690 1530 3763 etiamsi
1543 3686 1673 3782 she-sta
1696 3710 1799 3762 uersu
1814 3697 1828 3783 <
1841 3711 1918 3763 tant
1932 3688 1970 3759 ii
1981 3691 2064 3784 qui·

671 3794 929 3871 constitutarum
944 3789 1043 3862 metri
1052 3790 1221 3887 particeps
1242 3789 1337 3887 posi·
1396 3791 1470 3863 den
1484 3789 1643 3862 oratianis
1661 3802 1709 3859 est
1721 3788 1875 3882 vitium)
1903 3807 2062 3873 numerus

672 3891 744 3965 tio.
773 3890 956 3963 teruncium
971 3887 1216 3965 Aristoxenum
1231 3915 1240 3957 t
1254 3904 1338 3958 tem·
1394 3892 1562 3971 occatur,
1576 3888 1637 4056 pul
1645 3909 1767 3983 graece
1780 3887 1897 3975 'istaes
1915 3883 2040 3957 dieitur
2055 3914 2067 3957 s

670 3975 736 4091 pus
758 3988 903 4061 divisum
929 3987 964 4055 in
996 4006 1216 4084 unoquoque,
1247 3983 1338 4082 quoti
1448 3984 1500 4081 (h)
1525 3985 1562 4059 8.
1596 3984 1728 4056 sidocus
1754 3982 2064 4081 lib.1.orig.cap.

673 4086 851 4182 rhythmus
882 4076 1189 4184 suscipere'potest.
1217 4090 1340 4155 Secun-
1371 4139 1373 4142 v
1402 4102 1460 4178 35.
1472 4085 1515 4155 de
1529 4080 1758 4158 schematibus
1775 4086 1834 4155 has
1854 4084 1980 4178 figuras
2000 4103 2065 4155 so·

675 4188 755 4262 lusu
769 4182 1021 4276 Nicomachum
1036 4210 1046 4254 s
1075 4183 1260 4280 temporum
1287 4205 1341 4252 or·
1399 4182 1530 4259 sabulis
1545 4180 1691 4273 antiquis
1706 4203 1784 4254 cum
1801 4180 1873 4254 altis
1888 4184 2068 4265 Gramma·

677 4286 792 4374 dinato
816 4281 1036 4380 compositis.
1061 4284 1244 4354 Secundum
1262 4287 1343 4353 heo·
1403 4282 1479 4355 ticis
1495 4280 1542 4352 ita
1556 4280 1706 4373 explicat
1726 4329 1737 4351 .
1764 4289 1989 4379 {homoptoton
2005 4294 2067 4362 est,

675 4383 840 4485 phastun
854 4410 864 4453 s
878 4393 1063 4479 temporum
1077 4375 1269 4477 conpositio
1280 4394 1343 4476 per
1402 4403 1476 4454 eunt
1486 4376 1635 4478 plurima
1664 4380 1799 4452 nonina
1810 4396 1873 4478 per
1888 4404 1989 4453 unum
2009 4399 2064 4468 ca·

676 4481 953 4582 proportionem,
970 4493 1004 4550 et
1015 4500 1237 4552 commentust
1254 4477 1343 4548 inter
1400 4502 1473 4553 sum
1489 4478 1730 4551 tenunctantur
1744 4526 1756 4562 ,
1770 4493 1808 4550 ut
1820 4495 1869 4557 est
1881 4478 1988 4559 iilud,
2006 4472 2072 4547 tei

680 4601 716 4653 se
750 4593 997 4678 spectatarum.
1027 4580 1210 4650 Secundum
1241 4578 1343 4671 Diap-
1401 4600 1508 4675 neque
1520 4575 1706 4650 currentem
1721 4627 1733 4661 ,
1747 4580 1807 4650 secl
1818 4602 1878 4652 nee
1892 4572 2063 4670 ctgno‘sclt

678 4699 794 4754 munst
810 4693 920 4751 certae
930 4677 1102 4764 cuiusdam
1111 4677 1205 4750 vocis
1214 4671 1341 4770 figura.
1406 4692 1537 4750 euntem
1550 4724 1561 4758 .
1576 4676 1822 4775 Tollentemque
1838 4695 1982 4754 nanus,
2009 4691 2066 4743 sa·

680 4785 753 4855 rot
781 4775 893 4872 itaque
910 4792 998 4847 certo
1028 4779 1172 4875 quoiam
1193 4777 1288 4847 nodo
1300 4770 1345 4859 fi·
1406 4777 1710 4874 numque—immane
1724 4789 1908 4848 moventem
1925 4777 2072 4841 dlomo·

681 4887 808 4977 guenta
822 4866 1010 4965 rhythmum
1024 4873 1122 4965 efficit
1136 4923 1147 4945 .
1163 4888 1282 4971 Atque
1295 4882 1345 4948 lta
1407 4875 1556 4952 teleuton
1572 4890 1646 4956 est,
1677 4894 1752 4944 curn
1770 4894 1833 4943 uno
1848 4873 1945 4943 morlo
1957 4866 2070 4968 pluri·

682 4972 760 5069 fieti
776 4986 867 5044 anat
881 4972 985 5042 autin
997 4957 1100 5045 v‘erbn
1114 5022 1125 5054 ,
1142 4988 1203 5045 aut
1220 4976 1253 5043 in
1270 4996 1346 5045 ran·
1408 4991 1464 5050 m
1477 4968 1781 5059 vaticinium,
1807 4983 1846 5041 ut
1869 4968 1956 5046 attis
1968 5016 1983 5055 s
1997 4963 2072 5043 alt·

584 5068 591 5076 ’
683 5069 1150 5169 tu.sutetianinctrporis
1162 5070 1352 5147 nsotuAEo·
1414 5072 1539 5159 cessit,
1566 5070 1705 5157 metit,
1725 5067 1865 5170 metit.
1976 5117 2014 5162 μ
