5084 6234
843 747 1490 891 ecciesiasmcts
1783 831 1863 924 195

472 943 887 1060 iambos,·primum,
917 967 958 1030 et
988 940 1151 1030 tertium
1182 939 1245 1030 vel
1281 943 1434 1038 iambos
1459 967 1482 1044 ,·
1505 942 1568 1036 vel
1602 939 1865 1061 spondaeos,

461 1069 551 1164 Jom
568 1061 665 1150 lucis
678 1090 760 1149 orto
773 1063 894 1150 sidere
910 1060 1000 1177 (o).
1017 1059 1242 1179 Salophicus
1257 1061 1380 1152 habet
1393 1059 1524 1178 ptimo
1541 1061 1630 1158 loco
1650 1064 1862 1172 choreum,

468 1180 650 1272 secundo
695 1182 949 1299 spondaeum
987 1209 1084 1267 cum
1116 1175 1450 1298 penthemimeri,
1470 1175 1587 1276 tertio
1621 1181 1863 1297 dactylum,

470 1326 648 1417 quarto,
675 1324 713 1388 et
726 1304 875 1417 quinto
909 1301 1135 1402 choreum,
1160 1301 1239 1385 lrte
1271 1298 1463 1412 confessor
1485 1299 1648 1389 Domini
1673 1303 1863 1401 coheres.

470 1419 665 1510 Adonius
684 1483 698 1521 ,
723 1421 796 1535 qui
811 1415 935 1511 veluti
953 1419 1140 1535 strophae
1159 1416 1343 1506 clausula
1361 1444 1451 1535 post
1468 1441 1545 1506 tres
1563 1419 1777 1538 sapphicos
1793 1451 1868 1540 ap·

419 1623 424 1637 ,
468 1539 640 1660 ponitur
654 1604 668 1642 ,
683 1561 843 1626 constat
857 1533 1034 1655 dactylo,
1050 1564 1091 1627 et
1109 1537 1345 1658 spondaeo,
1361 1536 1507 1629 laudis
1524 1537 1683 1628 honores
1700 1600 1711 1626 .
1729 1540 1870 1634 Ascle-

466 1658 641 1774 piadeua
661 1660 785 1748 habet
817 1655 949 1777 pruno
983 1661 1072 1748 loco
1105 1657 1397 1778 spondaeum„
1418 1655 1600 1753 secundo
1630 1658 1866 1775 dactylum,

468 1802 558 1867 tum
574 1774 769 1890 syllabam
786 1777 829 1863 in
847 1778 981 1866 medio
997 1777 1161 1896 longam
1190 1806 1286 1868 cum
1301 1805 1497 1878 caesura,
1529 1799 1604 1865 aut
1620 1777 1819 1870 divisione
1840 1809 1868 1872 a

470 1897 596 1985 verbo
611 1893 829 2010 sequenti,
860 1927 908 1984 ac
930 1897 1079 1984 deinde
1113 1896 1219 1985 duos
1233 1895 1446 2010 dactylos,
1475 1894 1703 1986 Sanctorum
1720 1899 1868 2005 meritis

474 2012 613 2132 inclyto
627 2016 774 2134 gaudio
797 2076 808 2098 .
843 2005 1098 2127 Glyconius,
1113 2014 1186 2132 qui
1207 2043 1323 2132 saepe
1342 2013 1472 2103 tribus
1489 2012 1741 2133 asclepiadeis
1756 2018 1865 2137 adji-

478 2128 581 2219 citur
599 2160 758 2222 constat
772 2136 1011 2251 spondaeo,
1031 2163 1073 2224 et
1095 2134 1261 2226 duobus
1294 2130 1491 2247 dactylis,
1528 2131 1725 2228 Victorum
1741 2168 1870 2259 gertus

477 2249 690 2366 opmnum.
724 2253 881 2340 Primus
900 2283 969 2370 pes
985 2250 1177 2370 Glycouii
1207 2252 1434 2368 aliquando
1451 2277 1508 2340 est
1534 2252 1738 2357 choreus,
1771 2286 1867 2350 tato

444 2364 671 2460 iambus.
702 2374 1024 2485 Nonnunquam
1068 2398 1157 2491 post
1191 2368 1296 2457 duos
1328 2369 1599 2488 asclepiadeos
1645 2372 1868 2492 apponitur

471 2488 747 2606 pherecratius
765 2517 860 2577 ante
874 2481 1068 2605 quartum
1083 2488 1308 2609 gliconium
1323 2530 1335 2570 t
1351 2490 1506 2578 Versus
1539 2518 1635 2606 ergo
1650 2489 1870 2605 pherecra-

472 2602 555 2692 tius
578 2609 841 2696 constituitur
856 2639 905 2696 ex
922 2609 1053 2727 primo
1070 2607 1282 2728 spondaeo
1299 2669 1314 2711 ,
1331 2610 1515 2696 secundo
1536 2607 1695 2723 dactylo
1713 2672 1728 2713 ‚
1755 2609 1872 2706 tertio

473 2725 683 2842 monciaco
700 2728 871 2830 ,Cicirri
884 2757 981 2844 quos
997 2729 1246 2818 omorolroi.
1279 2727 1415 2816 Primo
1443 2728 1535 2818 loco
1565 2725 1778 2833 iambum,
1793 2722 1874 2824 tel

476 2841 702 2952 choreum,
718 2850 792 2937 sed
813 2876 907 2935 raro
931 2848 1136 2940 admittit.
1424 2964 1458 3054 B
1490 2965 1517 3055 b

543 3022 546 3028 -
1554 2993 1581 3056 2

508 3130 577 3222 ’(ι)
601 3125 641 3199 lo
656 3125 814 3201 iambicis
828 3126 983 3203 dimetria
996 3150 1060 3222 pro
1073 3149 1142 3201 tnt-
1200 3146 1276 3199 mers
1322 3148 1418 3200 omre
1450 3125 1585 3202 mollius
1623 3141 1671 3200 ert
1697 3174 1710 3213 ‚
1737 3125 1871 3227 querite

476 3229 542 3313 inti
569 3224 738 3300 suavitate
769 3229 871 3303 aliam
904 3226 1055 3325 regulam
1075 3246 1144 3300 tta·
1198 3224 1470 3325 penthemimeris
1491 3226 1570 3315 finit
1588 3227 1869 3306 dictiones-...0

428 3361 436 3368 ··
476 3325 565 3406 didit
594 3324 753 3398 Erasmus
774 3328 810 3398 is
836 3328 1037 3426 praefation.
1055 3348 1143 3400 con·
1202 3333 1277 3396 Hor
1321 3325 1478 3399 carminis
1515 3350 1624 3423 genas
1647 3341 1772 3424 putaret
1798 3349 1867 3402 rrrt

476 3438 579 3520 peret.
597 3427 642 3496 ai
654 3426 998 3523 narentanorum
1013 3426 1052 3504 te
1063 3429 1144 3518 Na·
1202 3423 1466 3511 mollissimum,
1493 3429 1583 3522 quoi
1609 3421 1753 3500 alternat
1773 3440 1870 3522 spor.-

473 3523 541 3599 tsli
576 3524 770 3606 natitent,
800 3549 900 3620 quarn
918 3522 1142 3622 excolloqrrr't
1205 3522 1323 3605 datis,
1353 3521 1551 3616 etiambis,
1574 3521 1691 3620 qualia
1732 3519 1873 3624 lerrqttt

474 3623 607 3724 portico
641 3619 764 3715 pettirn
784 3622 925 3696 exhibui
950 3645 1043 3693 nrm.
1062 3623 1143 3710 178.
1203 3640 1282 3691 runt
1294 3620 1525 3692 ambrosiana
1541 3667 1552 3702 ‚
1566 3637 1598 3690 et
1615 3628 1687 3692 Pru
1712 3615 1877 3693 cadmei.

478 3725 634 3798 hene.
663 3716 889 3803 Ambrosius,
920 3719 1054 3811 inquit,
1083 3718 1147 3790 lrse
1204 3715 1344 3789 Placent
1370 3720 1454 3790 haec
1482 3717 1635 3800 monita,
1661 3720 1719 3791 sed
1746 3733 1872 3793 nonut

581 3843 601 3893 e
622 3820 837 3919 potissimum
858 3833 918 3892 ert·
935 3814 1143 3897 delectatus,
1204 3838 1322 3887 omnes
1336 3839 1455 3890 versus
1477 3837 1615 3910 prorsus
1633 3812 1871 3896 similatores

542 3942 606 4018 qus
635 3918 725 3991 illud
748 3941 768 3989 a
796 3915 889 3992 nobis
916 3931 966 3989 est
986 3910 1144 3988 observa·
1202 3913 1345 3997 serint,
1363 3915 1645 3989 ethacmensuta
1661 3916 1870 4006 decurrente

481 4035 578 4099 tunt,
594 4017 683 4114 quot
696 4017 896 4116 plerumque
910 4012 1144 4116 penthemime·
1204 4019 1277 4088 Jarn
1290 4012 1377 4086 luris
1392 4031 1464 4088 orto
1477 4016 1610 4086 sidere.
1638 4013 1805 4110 Alioquin
1823 4036 1871 4090 ex

480 4116 528 4192 ris
539 4111 617 4205 finit
631 4117 806 4189 dictionem
822 4163 834 4199 ,
865 4129 897 4187 et
912 4115 955 4187 ab
967 4114 1030 4187 hae
1045 4114 1144 4185 dictio
1204 4111 1361 4185 versibus
1376 4112 1584 4186 mollissimis
1598 4132 1735 4188 carmen
1751 4133 1872 4190 monor

484 4207 661 4307 trisyllabi
679 4213 808 4287 claudit
824 4215 1026 4288 dimetrum.
1044 4215 1146 4300 Qut
1205 4226 1311 4282 conon
1339 4208 1573 4298 coalescente
1588 4210 1756 4306 longeque
1772 4211 1871 4286 abet·

483 4312 677 4412 conpositio
707 4335 838 4385 tereret
867 4312 964 4406 efficit
990 4309 1146 4384 mollissi·
1206 4306 1418 4384 servatietas
1437 4309 1521 4397 illa,
1556 4326 1591 4386 et
1605 4306 1780 4384 harmonia
1797 4307 1872 4392 ‚elo

481 4419 598 4493 num,
633 4423 671 4482 rrt
688 4434 699 4479 e
714 4417 803 4482 Deus
831 4426 963 4485 custos
978 4440 988 4484 s
1002 4410 1083 4483 beer
1095 4421 1147 4479 ert
1207 4432 1249 4481 ve
1266 4409 1450 4483 concordia
1467 4408 1624 4490 discors,
1641 4429 1728 4500 uuae
1747 4408 1779 4481 in
1798 4406 1871 4482 H'u·

479 4508 775 4609 penthemimeris.
792 4512 948 4610 Sequitur
969 4509 1067 4583 dictio
1084 4510 1142 4582 de·
1206 4509 1283 4582 tatii
1304 4507 1450 4604 lyricis,
1483 4530 1516 4582 et
1548 4509 1579 4581 in
1596 4506 1733 4602 Virgilii
1751 4504 1872 4606 iterui-

480 4609 624 4708 ttylicse
656 4607 886 4683 omnium...
920 4610 961 4681 tt
982 4605 1146 4706 frequen-
1204 4604 1253 4680 cis
1302 4629 1400 4680 aures
1433 4605 1605 4681 demulcet
1637 4652 1649 4688 ‚
1676 4626 1709 4677 et
1738 4604 1870 4692 animos

382 4719 392 4732 “
480 4707 548 4782 tias
562 4703 967 4805 transcursionem,
989 4729 1091 4805 quem
1108 4720 1146 4778 rrt
1205 4721 1304 4778 extra
1333 4702 1495 4799 serapis.
1532 4695 1869 4790 Admiscean‘tutefi

481 4805 840 4976 tesutvidrritorsit.
866 4803 1148 4902 Necinfreqtren·
1207 4823 1253 4899 go
1268 4803 1440 4876 interdum
1475 4800 1737 4886 venustatis,
1766 4799 1869 4902 radii

478 4916 530 4976 ter
561 4907 648 4977 tren
675 4923 834 4981 oseroet
867 4923 980 4980 noster
995 4906 1146 4975 muite-
1204 4921 1499 4987 recrementum,
1527 4922 1567 4982 ut
1591 4921 1697 4980 totns
1717 4906 1869 5002 hydrunt

481 5003 848 5106 tiss-...Quernas
872 5009 909 5081 t‘s
929 5024 1147 5103 generetur·
1204 4999 1338 5102 gratior
1354 5006 1501 5088 eradat.
