5084 6234
547 756 631 847 ⁴16
1000 758 1109 848 DE
1166 762 1208 849 H
1238 763 1269 850 Y
1297 764 1419 850 ΜΝ
1447 762 1465 849 l
1495 763 1524 858 S

572 969 601 1011 „
632 926 800 991 montem
814 899 953 987 Oliveti
969 902 1043 1022 (ι)
1060 967 1070 987 .
1089 904 1140 989 Et
1158 905 1306 989 Paulus
1329 906 1546 1023 Apostolus
1573 910 1626 996 ad
1641 910 1835 1029 Ephesios
1853 913 1960 1001 scri*
1982 984 1984 987 >
2008 929 2010 932 ’

574 1090 603 1130 ,,
632 1025 709 1143 psit
725 1022 887 1109 dicens:
905 1023 1296 1140 Impletninr'spiriru,
1320 1027 1512 1139 loquentes
1543 1060 1610 1115 vos
1636 1031 1676 1115 t'tt
1697 1033 1885 1147 psalmis,
1912 1062 1958 1118 et

572 1208 602 1250 ‚‚
633 1142 831 1258 Hymnis,
855 1162 893 1223 et
903 1142 1061 1226 canticis
1072 1141 1330 1256 spiritualibus
1349 1204 1359 1226 .
1386 1145 1438 1228 Et
1467 1149 1563 1259 quia
1584 1152 1768 1234 nonnulli
1791 1154 1899 1264 llym
1908 1152 1955 1243 ni

573 1327 603 1367 „
636 1265 819 1347 humano
833 1256 969 1344 studio
990 1260 1030 1341 in
1048 1260 1206 1346 laudem
1225 1261 1319 1361 Dei,
1338 1285 1458 1374 atque
1476 1265 1779 1381 Apostolorum,
1792 1295 1830 1354 et
1842 1269 1956 1355 Man-

572 1444 602 1485 „
633 1409 770 1496 tyrum
787 1379 1011 1495 triumphos
1027 1378 1233 1495 compositi
1255 1408 1334 1464 esse
1365 1409 1591 1466 noscuntur
1609 1448 1622 1484 ,
1644 1385 1749 1471 sicut
1763 1386 1828 1488 hi,
1847 1417 1956 1499 quos

505 1545 520 1552 Δ·
573 1564 602 1605 ,,
634 1496 845 1586 beatissimi
864 1497 1058 1582 Doctores
1072 1495 1277 1596 Hilarius,
1304 1524 1425 1611 atque
1442 1498 1682 1585 Ambrosius
1705 1505 1952 1607 ediderunt,

571 1683 600 1724 „
632 1647 736 1731 quos
754 1641 887 1701 tamen
906 1614 1075 1727 quidam
1102 1616 1321 1731 specialiter
1352 1621 1569 1732 reprobant
1593 1647 1668 1733 pro
1683 1648 1731 1703 eo
1751 1622 1867 1735 quod
1899 1623 1950 1709 do

571 1801 601 1842 „
630 1734 846 1853 Scripturis
863 1729 1109 1820 Sanctorum
1127 1732 1356 1819 Canonum
1372 1797 1385 1834 ,
1400 1736 1462 1822 vel
1479 1736 1712 1851 Apostolica
1734 1738 1954 1825 traditione

574 1920 602 1959 „
635 1883 720 1941 non
737 1854 942 1954 existunt3
975 1878 1167 1971 respuant
1183 1883 1277 1969 ergo
1292 1877 1331 1943 et
1346 1850 1457 1937 illum
1475 1860 1690 1968 Hymnum
1705 1859 1757 1942 ab
1774 1855 1958 1940 homini-

574 2037 604 2078 „
637 1977 712 2059 bus
729 1970 995 2089 compositum
1012 2028 1025 2064 ‚
1044 2001 1166 2085 quern
1181 1970 1363 2084 quotidie
1382 1973 1575 2087 publico,
1608 1975 1846 2088 privatoque
1862 1973 1956 2059 offi-

575 2156 604 2196 „
632 2092 696 2177 cio
711 2090 752 2173 in
766 2092 845 2175 fine
861 2089 1048 2174 omnium
1063 2090 1311 2205 psalmorum
1326 2090 1505 2178 dicimus:
1522 2092 1649 2178 Glott‘o
1665 2156 1679 2194 ,
1697 2114 1735 2176 et
1748 2096 1868 2178 donor
1883 2094 1959 2179 Po·

575 2274 604 2315 „
632 2212 682 2295 tri
698 2272 711 2308 ,
742 2240 776 2294 et
795 2206 893 2295 Filio
908 2271 923 2308 ,
936 2230 974 2292 et
989 2207 1151 2324 Spiritui
1164 2212 1307 2293 Sancto
1324 2206 1366 2293 in
1383 2212 1533 2301 soeculo
1547 2213 1780 2297 soeculorum
1795 2214 1922 2295 Amen
1940 2274 1953 2298 .

575 2393 605 2434 „
636 2331 745 2413 Nam
764 2356 805 2415 et
820 2327 880 2410 ille
896 2330 1088 2439 Hymnus
1104 2388 1118 2425 ,
1137 2355 1258 2441 quem
1293 2351 1389 2411 nato
1425 2329 1603 2413 incarne
1624 2327 1792 2415 Christo
1808 2328 1953 2443 Angeli

574 2512 606 2552 „
637 2448 899 2536 cecinerunt:
927 2444 1056 2528 Gloria
1075 2444 1116 2526 in
1132 2443 1287 2530 excelsis
1302 2446 1388 2528 Deo
1406 2507 1418 2544 ,
1434 2475 1472 2530 et
1491 2446 1532 2529 in
1552 2448 1672 2529 Tarra
1687 2442 1958 2561 potiremini·

575 2630 604 2672 „
636 2572 705 2653 bus
720 2570 838 2649 bonae
853 2560 1076 2660 uoluntatis,
1093 2561 1245 2673 reliqua
1262 2624 1277 2663 ,
1296 2591 1401 2674 quae
1418 2562 1472 2649 ibi
1489 2563 1740 2676 sequuntur,
1759 2565 1955 2651 Ecclesia·

573 2745 603 2789 „
633 2683 718 2771 stici
737 2684 932 2766 Doctores
950 2705 1284 2794 composuerunt.
1298 2682 1404 2795 Ergo
1422 2710 1494 2765 nec
1514 2680 1620 2763 idem
1631 2679 1678 2777 in
1697 2678 1868 2766 Ecclesia
1888 2712 1955 2769 ca·
2000 2712 2002 2724 ¹

572 2867 605 2910 „
636 2799 796 2888 nendus
813 2827 895 2897 est,
915 2797 1013 2910 quia
1032 2798 1074 2880 in
1091 2795 1392 2913 Scripturarum
1411 2799 1651 2885 Sanctarum
1668 2797 1775 2884 libris
1788 2827 1875 2884 non
1892 2801 1958 2895 in÷

573 2986 602 3029 „
634 2919 796 3012 venitur
816 2980 832 3000 .,
844 2916 1168 3032 Componuntur
1183 2944 1276 3032 ergo
1312 2917 1487 3031 hymni,
1515 2915 1617 3018 sicut
1642 2943 1949 3037 componuntur

573 3103 602 3145 „
635 3040 781 3126 Missae
802 3101 815 3137 ,
839 3036 919 3125 sive
948 3065 1106 3153 preces,
1126 3032 1189 3119 vel
1205 3033 1407 3132 orationes
1423 3100 1436 3136 ,
1453 3035 1534 3137 siye
1553 3034 1951 3139 commendationes,

572 3222 602 3264 „
632 3188 703 3243 seu
722 3185 868 3239 manus
883 3154 1181 3270 impositiones,
1199 3183 1248 3239 ex
1264 3153 1415 3268 quibus
1431 3153 1463 3268 si
1486 3155 1591 3240 nulla
1607 3155 1796 3239 dicantur
1810 3152 1853 3239 in
1871 3156 1952 3240 Ec·

572 3338 602 3384 „
634 3274 772 3374 clesia,
802 3299 950 3362 vacant
966 3269 1097 3355 officia
1133 3271 1271 3355 omnia
1301 3271 1572 3358 Ecclesiastica
1591 3336 1630 3357 ..
1657 3272 1797 3359 ,Sicut
1828 3270 1950 3388 igitur

572 3462 602 3503 „
632 3393 862 3492 orationes,
881 3392 933 3477 ita
950 3390 1124 3503 hymnos
1142 3388 1184 3472 in
1200 3388 1362 3472 laudem
1380 3389 1456 3471 Dei
1472 3391 1710 3506 compositos
1730 3388 1864 3473 nullus
1881 3420 1956 3477 ve·

574 3579 604 3622 „
633 3541 761 3599 strum
777 3509 943 3595 ulterius
962 3508 1186 3624 improbet,
1203 3507 1277 3593 sed
1294 3507 1381 3621 pati
1400 3509 1522 3593 modo
1540 3509 1698 3610 Gallia,
1732 3503 1954 3620 Hispania-¹

574 3697 603 3740 „
634 3620 722 3746 que,
744 3629 936 3730 celebrets
965 3624 1385 3716 excommunicatione
1417 3625 1643 3745 plectendi,
1675 3624 1960 3743 quiHymnoo

576 3815 606 3858 ,‚
638 3749 795 3866 rejicere
810 3748 964 3835 fuerint
981 3747 1067 3834 ausi
1086 3806 1115 3849 „
1136 3809 1146 3835 .
1182 3812 1189 3822 .

643 3898 710 3983 19.
742 3872 851 3952 llaec
879 3866 1276 3983 quamvislongiota
1308 3866 1351 3950 in
1369 3867 1547 3954 medium
1562 3868 1737 3986 proferre
1769 3861 1949 3984 placuit,
2031 3911 2038 3918 ,

579 3989 675 4107 quia
689 3988 938 4099 hymnorum
951 3985 1204 4070 consuetudo
1215 3984 1427 4073 laudabilis
1440 3986 1716 4073 efficacissimis
1726 3982 1955 4070 rationibus

578 4096 826 4224 vindicatur,
836 4130 874 4191 et
889 4103 952 4188 hic
972 4102 1125 4187 Canon
1143 4102 1230 4187 loco
1247 4106 1395 4219 Tertius
1410 4134 1489 4190 esse
1507 4106 1652 4221 poterit
1668 4134 1743 4221 pro
1756 4101 1830 4202 his,
1845 4127 1953 4213 quae

578 4226 703 4313 modo
718 4242 826 4308 'sunt
853 4220 1127 4338 exponenda,
1158 4246 1205 4308 ut
1229 4246 1393 4335 pateat,
1426 4251 1547 4307 usum
1573 4221 1748 4309 canendi
1766 4224 1961 4333 Hymnoe

581 4345 625 4429 in
642 4341 814 4429 Ecclesia
841 4336 1073 4437 a‘Christi,
1099 4337 1469 4454 Apostolorumque
1497 4364 1672 4455 ternpore
1687 4333 1957 4451 ,etexemplo

579 4459 841 4580 processisse.
867 4456 1128 4542 Celebratum
1157 4485 1254 4542 vero
1280 4457 1362 4544 fuit
1377 4456 1615 4545 Concilium
1634 4456 1959 4547 lV.Toletanum

543 4573 547 4586 ’
582 4608 696 4664 anno
727 4578 855 4693 632„
880 4574 997 4688 eique
1021 4574 1495 4689 praefuitsanctissirnus
1510 4615 1524 4678 ,
1542 4610 1587 4666 ac
1614 4571 1863 4665 doctissimus
1889 4569 1954 4670 lsi,

583 4698 711 4785 dorus
729 4695 888 4783 Praesul
905 4692 1428 4811 Hispalensis3maximique
1445 4698 1617 4815 proinde
1632 4697 1717 4815 ejus
1735 4686 1954 4776 auctoritas

1686 4880 1690 4893 ·
1817 4834 1951 4914 scm·

634 4963 689 5051 (1)
720 4952 809 5049 Cap.
827 4897 885 5029 26,
905 4908 908 4913 -
