5084 6234
826 785 1481 886 ECCLESIASTlcls
1763 830 1842 921 137

451 937 701 1058 ayllabarum
716 935 797 1026 fuit
814 965 840 1055 9
845 965 916 1050 52·
933 1000 946 1039 ,
981 961 1028 1024 ut
1043 930 1185 1054 legitur
1204 931 1247 1018 in
1275 937 1378 1025 calce
1395 935 1526 1055 operis
1549 998 1559 1021 .
1590 937 1841 1055 Theophilue

452 1058 713 1173 {raynaudus
731 1059 831 1173 (1),
848 1058 937 1144 licet
950 1057 1086 1172 magni
1102 1054 1273 1139 omnino
1290 1055 1526 1141 faciendum
1551 1087 1630 1146 erec
1648 1059 1761 1144 hunc
1779 1060 1839 1142 la·

452 1182 590 1268 borem
606 1205 862 1313 propugnet,
897 1171 1110 1289 rubjungit
1126 1202 1138 1256 e
1157 1174 1281 1273 Erre,
1304 1177 1406 1287 quod
1432 1175 1475 1260 in
1507 1174 1579 1262 illis
1594 1175 1837 1265 correctioni·

451 1297 660 1415 dutpntere
669 1320 927 1410 postttnovtre
937 1320 1009 1407 per
1022 1288 1223 1405 Pontifices
1252 1292 1554 1379 correctioni
1584 1313 1838 1385 monstratum

352 1451 360 1457 ·
416 1453 419 1458 ·
449 1419 570 1506 recolo
583 1447 608 1499 n
623 1410 889 1499 Fulurionim
906 1408 1051 1495 Counlli
1067 1407 1202 1494 Ordin.
1221 1409 1330 1494 Min.
1350 1411 1562 1497 Paeniteat.
1582 1414 1761 1501 lateran.
1793 1474 1806 1499 .

495 1532 612 1619 ndo.
647 1532 748 1644 Quo
778 1528 867 1613 loco
899 1526 942 1611 id
965 1525 1245 1616 monstraverit
1268 1528 1506 1619 Ludovicus
1533 1530 1723 1635 Cavalli‚
1753 1560 1841 1618 non

454 1652 615 1769 reperi3
645 1645 944 1759 nequevideo,
977 1647 1080 1762 quid
1098 1646 1204 1732 circa
1229 1673 1490 1754 mensutam,
1521 1648 1842 1763 latinitatemque

454 1771 596 1856 denuo
609 1767 732 1885 possit
746 1765 952 1851 emendari
970 1827 984 1866 ,
1004 1763 1078 1850 nisi
1098 1763 1213 1878 quod
1228 1765 1519 1857 Emendatores
1535 1767 1609 1885 ipsi
1627 1766 1845 1876 affirmant,

445 1892 560 2009 plum
592 1914 669 1973 erse
687 1886 842 1984 relicto,
874 1914 971 1998 pune
989 1882 1083 1999 fieri
1105 1880 1322 1997 potuirsenr
1348 1886 1506 1973 meliora
1526 1950 1536 1971 .
1553 1993 1555 1998 Ι
1573 1886 1695 1973 Certe
1727 1885 1846 2001 quod

454 2004 708 2123 Theophilus
724 2005 767 2088 in
785 2031 883 2094 voce
900 2003 1122 2088 Paracletus
1137 1998 1361 2101 cavillatur,
1377 1998 1496 2092 flocci.
1509 2004 1745 2095 faciendum
1760 1995 1846 2098 eet':

453 2128 630 2213 &muno
648 2122 826 2210 eorrectio
845 2123 1068 2239 hymnorum
1087 2183 1101 2220 ‚
1134 2118 1299 2228 inquit,
1330 2121 1510 2235 dymnum
1529 2129 1576 2210 de
1589 2122 1739 2238 Spiritu
1752 2156 1848 2213 run*

332 2315 335 2324 .
414 2312 416 2317 .
456 2261 516 2334 'eto
548 2244 605 2332 sie
618 2240 836 2328 immutavit
855 2269 866 2324 ε
885 2240 986 2353 Qui
1011 2239 1231 2325 ulcenis
1263 2235 1650 2343 puniremus,
1675 2273 1780 2331 corre
1805 2263 1847 2331 te

307 2468 312 2477 ¹
452 2361 696 2482 prenditur,
729 2389 816 2447 cum
829 2359 942 2475 prius
955 2356 1167 2444 diceretur:
1188 2354 1289 2468 QUI
1305 2353 1670 2449 PARACLETUS
1690 2364 1748 2444 DI
1791 2360 1848 2445 E*

460 2483 571 2580 RIS,
586 2477 772 2595 procinctu
796 2474 1041 2594 penultimo.
1077 2477 1219 2590 Quam
1243 2472 1534 2566 correctionem
1566 2505 1613 2567 ut
1645 2476 1850 2582 infirmet,

457 2596 610 2688 multus
625 2621 683 2684 eet
699 2594 743 2679 in
761 2593 1005 2711 probando,
1037 2591 1302 2711 penultimam
1316 2620 1396 2679 esse
1413 2593 1576 2716 longam
1599 2598 1644 2682 in
1664 2596 1848 2703 nomine,

458 2714 578 2830 quod
590 2712 757 2831 Spiritui
774 2736 919 2800 sancto
934 2713 1155 2814 tribuitur,
1187 2710 1269 2801 eive
1286 2713 1524 2817 Funditus,
1556 2715 1637 2806 sive
1664 2718 1849 2803 «Paracle-

454 2849 518 2922 tus
547 2832 729 2919 dicatur.
765 2831 878 2916 Nihil
912 2831 1053 2919 attinet
1069 2859 1198 2921 novae
1217 2827 1364 2916 iterum
1380 2831 1465 2919 lites
1482 2833 1655 2921 excitare
1678 2835 1728 2920 de
1743 2863 1846 2923 voce
1901 2880 1903 2883 ¹

458 2954 707 3052 Paracletus,
740 2948 789 3035 de
807 2948 927 3063 cujus
943 2955 1050 3039 recta
1067 2946 1410 3066 pronunciatione
1429 2952 1630 3038 uberrime
1648 2952 1850 3056 dieierueq,

399 3127 405 3134 -
457 3068 744 3174 tuntSanrci,
769 3094 808 3156 et
831 3066 1005 3176 Thiers,
1035 3069 1107 3182 qui
1125 3093 1349 3186 postremus
1383 3068 1769 3183 pronunciationem
1794 3072 1848 3172 ab

461 3186 639 3275 Eccleeia
669 3184 854 3275 adhiberi
886 3186 1044 3273 solitam
1074 3183 1119 3271 in
1154 3215 1253 3277 voce
1269 3186 1483 3273 Paraclitur
1509 3188 1732 3304 penultima
1764 3216 1852 3280 cor·

351 3400 353 3403 .
463 3333 577 3422 repta
593 3304 775 3392 defendit
795 3365 804 3385 .
841 3303 1077 3408 Enimvero
1091 3334 1185 3391 cum
1204 3304 1287 3421 jam
1305 3304 1404 3391 haec
1423 3308 1713 3421 pronunciatio
1729 3307 1850 3395 inva-

386 3493 395 3510 .
456 3421 625 3528 ,luissem
643 3419 910 3511 necessarium
925 3451 1088 3540 proteus
1101 3424 1203 3525 luit,
1219 3444 1268 3511 ut
1284 3423 1328 3507 in
1345 3425 1502 3537 hymno
1518 3426 1567 3511 de
1580 3424 1733 3542 Spiritu
1750 3450 1850 3511 tan·

460 3567 527 3632 cto
543 3565 769 3630 mutaretur
784 3568 950 3641 versus,
967 3538 1048 3651 Qui
1064 3540 1276 3628 Pnrnclirue
1292 3539 1426 3629 diceris
1440 3575 1454 3645 ;
1476 3574 1571 3629 nam
1590 3549 1685 3630 cum
1701 3572 1748 3630 ea
1764 3568 1849 3634 vox

388 3699 393 3704 ·
462 3661 596 3750 multis
626 3656 897 3768 aliieinlocie
921 3658 1054 3765 relicta
1088 3658 1214 3746 fuerit
1229 3720 1244 3760 ,
1276 3684 1315 3745 et
1346 3658 1488 3748 sivein
1505 3690 1656 3763 versu,
1687 3660 1769 3751 eive
1802 3657 1849 3747 in

461 3779 647 3867 oratione
662 3777 792 3866 soluta
822 3777 1141 3894 pronunciemr,
1171 3776 1391 3895 penultima
1418 3802 1632 3894 correpta,
1668 3776 1726 3867 ita
1740 3804 1851 3893 que-¹

463 3924 543 4011 que
559 3897 756 3989 accideret
772 3894 817 3978 in
832 3923 882 3984 eo
895 3920 1015 3984 versu
1032 3955 1046 3997 ,
1064 3925 1149 4009 quo
1165 3923 1293 3983 sonus
1310 3958 1324 3997 ,
1344 3894 1852 4010 modulusveeyllabarurn

464 4014 632 4103 ‘vitiosus
648 4012 914 4103 redderetur.
949 4013 1058 4099 Vide
1077 4042 1216 4105 notata
1252 4013 1296 4098 in
1316 4012 1556 4129 Hymnodia
1587 4015 1642 4104 ad
1658 4014 1765 4104 diem
1776 4012 1851 4104 ΙΙΙ.

382 4181 386 4187 ·
466 4122 720 4251 Mattiipt),
747 4133 773 4229 J
1435 4135 1463 4218 S
1725 4223 1770 4234 ,,

516 4290 575 4375 (ι)
600 4289 696 4362 rom.
715 4292 775 4363 XI.
790 4314 888 4383 oper.
905 4292 1030 4365 Critic.
1044 4295 1121 4366 Sec·
1182 4299 1274 4367 run.
1296 4316 1328 4365 r.
1345 4296 1459 4367 restit.
1492 4293 1685 4391 Philosoplr.
1712 4289 1852 4364 eonten-

467 4398 589 4477 puncr.
607 4408 640 4456 2.
654 4409 731 4480 pag,
750 4412 834 4471 110,
862 4408 897 4461 et
917 4415 972 4463 rt.
1117 4441 1120 4448 ,
1181 4389 1264 4463 dit!
1288 4393 1320 4465 in
1332 4395 1461 4488 potitur
1489 4394 1604 4464 breve·
1623 4412 1695 4461 eree
1719 4389 1852 4460 ‘debere

371 4486 399 4571 ξ’
514 4487 566 4572 (a)
585 4483 630 4554 P.
650 4483 847 4558 Emmanuel
861 4488 1052 4564 Bernardut
1074 4493 1119 4561 de
1180 4512 1223 4562 ex
1238 4489 1376 4583 Virgilii
1393 4515 1519 4570 versu,
1549 4490 1592 4559 Vi
1614 4486 1852 4584 petituretcaer

468 4575 628 4664 Ribera,
660 4582 720 4674 qui
737 4606 789 4653 me
805 4608 912 4677 puero
938 4590 1026 4659 inter
1050 4587 1122 4659 sal·
1180 4610 1291 4681 neque
1307 4606 1531 4680 permovetur
1545 4582 1703 4673 exemplo
1729 4577 1853 4675 hymni

373 4691 378 4778 J
467 4676 695 4751 nanticenree
704 4680 879 4755 Doctores
895 4682 1022 4775 ingenii
1038 4710 1120 4759 acu·
1180 4692 1222 4758 ad
1271 4688 1386 4758 lauder
1418 4683 1665 4774 Confeeeorum
1710 4677 1853 4752 Pontid-

375 4793 378 4798 '
468 4774 571 4857 nine,
586 4795 620 4849 et
634 4781 820 4853 amoeniori
837 4781 993 4860 doctrina
1008 4782 1122 4856 excel.-
1194 4806 1297 4862 cum,
1327 4782 1464 4852 Petitur
1497 4779 1587 4850 inter
1618 4776 1797 4872 Angelum·
1818 4788 1855 4846 ee

471 4868 589 4955 iebtt.
617 4876 747 4950 ordinis
777 4879 835 4951 SS.
850 4877 1024 4950 Trinitatis
1060 4880 1133 4951 alu·
1194 4877 1334 4950 alteriue
1362 4882 1404 4949 ad
1431 4877 1548 4948 lauder
1580 4897 1654 4946 aec
1673 4875 1769 4969 Virg-
1795 4885 1856 4943 nee

471 4990 598 5055 nuuc,
626 4991 661 5047 et
687 4977 819 5061 derue,
846 4975 879 5050 in
906 4977 1064 5073 Partrgir
1089 4978 1134 5052 erl
1195 4983 1319 5061 Mart„
1335 4974 1573 5074 (celipttitur
1586 4970 1858 5073 gratiaeque·
