5084 6234
994 869 1546 969 GOTHORUM
1873 880 1951 995 3&

578 1003 729 1127 potitus
750 1000 920 1118 populos
948 1029 1087 1084 omnes
1113 1000 1189 1086 sibi
1207 1000 1432 1114 subjectos,
1447 1032 1532 1085 non
1549 1002 1620 1103 vi,
1652 1028 1691 1088 et
1708 998 1856 1098 minis,
1887 1000 1958 1084 sed

580 1120 774 1220 ratione,
803 1144 842 1204 et
872 1118 1200 1233 persuasionibus
1223 1119 1287 1202 ad·
1302 1119 1518 1206 Ecclesiam
1543 1118 1780 1205 catholicam
1811 1118 1961 1201 trado-

579 1237 708 1322 xerit.
730 1238 869 1348 ltaque
887 1236 1123 1322 Concilium
1136 1234 1265 1322 Toleti
1283 1237 1513 1353 congregari
1530 1237 1680 1340 voluit,
1696 1267 1780 1349 quo
1798 1235 1956 1322 Ariana

579 1354 751 1438 haeresis
779 1353 906 1467 palam
936 1353 1088 1468 ejurata
1121 1354 1408 1440 damnaretur.

580 1552 586 1562 .
639 1486 694 1565 R.
729 1471 850 1557 Tunc
884 1472 1146 1559 acclamatum
1175 1500 1232 1560 est
1264 1472 1307 1555 in
1337 1471 1527 1559 laudibus
1556 1473 1667 1573 Dei,
1703 1500 1741 1557 et
1758 1471 1800 1553 in
1817 1470 1955 1557 favore

579 1587 772 1701 Principis
803 1592 855 1676 ab
887 1591 1077 1677 universo
1109 1591 1262 1678 Clero.
1298 1590 1436 1673 Gloria
1473 1594 1562 1676 Deo
1593 1590 1726 1690 Patri,
1760 1615 1798 1674 et
1825 1588 1957 1688 Filio,

578 1728 617 1788 et
648 1705 812 1819 Spiritui
838 1733 977 1793 sancto
998 1709 1051 1785 .*
1084 1708 1170 1792 Cui
1199 1739 1297 1794 cura
1330 1733 1387 1794 est
1402 1737 1569 1820 pacem,
1597 1735 1636 1794 et
1664 1709 1859 1794 unitatem
1879 1709 1958 1790 Ec-

576 1818 712 1914 clesiae
745 1853 841 1909 suae
878 1853 1038 1911 sanctae
1075 1826 1292 1912 catholicae
1324 1825 1563 1940 providere.

577 2022 587 2032 .
642 1938 695 2030 ll·
731 1940 868 2026 Gloria
901 1946 988 2026 Deo
1022 1970 1159 2030 nostro
1177 1947 1286 2040 'lesu
1312 1943 1508 2042 Christo,
1544 1942 1615 2057 qui
1644 1941 1771 2058 pretio
1789 1939 1958 2059 sangui-

574 2057 637 2145 nis
667 2058 740 2143 sui¹
779 2059 991 2167 Ecclesiam
1031 2060 1269 2150 catholicam
1302 2093 1350 2149 ex
1392 2063 1582 2149 omnibus
1620 2061 1809 2178 gentibus
1854 2088 1957 2144 con·

577 2179 786 2293 gregavit.
825 2177 912 2265 Cui
943 2211 1070 2268 cura.
1638 2243 1640 2247 ι
1934 2183 1949 2222 ’-

1168 2393 1295 2484 Lectio
1322 2368 1392 2486 V.

591 2587 596 2597 ·
635 2528 821 2647 Episcopi
854 2534 1039 2622 catholici
1071 2534 1277 2650 sexaginta
1308 2535 1393 2621 duo
1419 2535 1473 2619 ad
1513 2532 1800 2621 celebrandum
1835 2530 1956 2619 0οη-

574 2646 714 2748 cilium
737 2680 1039 2755 convenerunt,
1055 2653 1171 2767 quod
1188 2654 1291 2739 inter
1308 2651 1504 2739 Toletana
1522 2650 1683 2739 tertium
1700 2649 1952 2752 ordine'est‚

574 2794 613 2857 et
633 2795 823 2881 magnam
858 2802 1009 2885 semper
1040 2771 1340 2860 venerationem
1376 2772 1521 2857 habuit
1554 2768 1803 2884 .ln'primis
1826 2773 1956 2854 Heca-

575 2887 698 3000 redus
729 2892 861 2972 Patres
889 2888 1127 2979 adhortatus
1141 2912 1228 2992 est,
1263 2916 1311 2977 ut
1325 2890 1504 3007 vigiliis,
1536 2888 1727 3004 jejuniis,
1754 2884 1954 2971 accensis-

571 3034 650 3117 que
668 3006 781 3118 apud
813 3004 951 3090 Deum
968 3010 1152 3121 precibus
1167 3038 1249 3093 sese
1266 3031 1548 3124 compararent
1580 3004 1633 3090 ad
1650 3004 1956 3089 ecclesiasticam

573 3118 826 3233 disciplinam
857 3122 1068 3236 iniquitate
1101 3148 1331 3236 temporum
1365 3121 1577 3237 collapsam
1609 3120 1766 3208 statutis
1797 3120 1951 3236 legibus

572 3235 913 3323 instaurandam.
947 3241 1104 3326 Deinde
1136 3243 1248 3356 gravi
1281 3305 1294 3343 ,
1319 3269 1357 3330 et
1380 3240 1530 3328 efficaci
1554 3239 1769 3337 oratione,
1799 3237 1842 3322 in
1866 3268 1951 3352 qua

571 3354 728 3442 mirifici
756 3357 915 3471 pietatis
945 3390 1085 3446 sensus
1115 3357 1380 3461 emicabant,
1411 3357 1647 3446 immortales
1677 3355 1826 3473 gratias
1857 3355 1953 3441 Deo

576 3473 685 3590 egit,
706 3499 744 3558 et
781 3474 1004 3565 incredibili
1041 3477 1193 3592 gaudio
1218 3509 1258 3565 se
1284 3481 1461 3566 exultare
1494 3477 1634 3574 dixit,
1662 3473 1778 3585 quod
1808 3474 1951 3561 divino

576 3591 728 3692 auxilio
750 3591 916 3707 adjutus
947 3625 1034 3680 non
1063 3598 1194 3680 solum
1223 3624 1382 3712 gentem
1396 3624 1543 3695 suam,
1572 3594 1642 3679 sed
1664 3594 1954 3697 Suevos-quo-

576 3739 656 3821 que
683 3711 806 3826 paulo
841 3737 932 3798 ante
968 3713 1009 3801 in
1051 3744 1168 3797 suam
1198 3713 1393 3801 ditionem
1432 3713 1652 3809 redactos,
1683 3706 1814 3792 alieno
1833 3708 1953 3793 aber·

575 3852 709 3913 rantes
739 3827 864 3929 vitio,
894 3829 946 3913 ad
964 3829 1143 3917 veritatis
1167 3831 1276 3921 viam
1298 3894 1308 3927 ,
1334 3860 1372 3920 et
1403 3828 1598 3914 Ecclesiae
1624 3824 1822 3911 unitatem
1838 3852 1955 3914 revo-

575 3971 729 4031 casset.
761 3946 961 4031 Praeclare
991 3949 1153 4034 demum
1187 3951 1425 4066 peroravit,
1454 3975 1547 4032 cum
1581 3938 1752 4063 populos
1785 3971 1957 4068 conver-

575 4089 639 4146 sos
667 4063 961 4181 Episcoporum
991 4066 1216 4187 diligentiae
1248 4065 1448 4154 commisit
1477 4130 1492 4164 ,
1519 4070 1720 4162 asserens,
1750 4079 1954 4152 aeternam

572 4178 690 4267 hanc¹
718 4179 793 4267 sibi
824 4182 909 4269 lore
928 4215 1151 4290 coronam,
1176 4188 1208 4272 si
1228 4214 1334 4298 quos
1360 4187 1439 4303 ipse
1478 4184 1532 4268 ad
1547 4182 1668 4270 fidem
1701 4178 1954 4282 adduxerat,

576 4295 621 4380 in
655 4327 701 4382 ea
732 4298 928 4403 fundati,
966 4306 1195 4422 optimeque
1230 4301 1436 4391 constituti
1466 4302 1758 4433 Episcoporum
1787 4295 1954 4411 vigilan·

573 4413 630 4500 tia
662 4444 968 4532 permanerent.
997 4428 1084 4511 Hac
1109 4424 1246 4511 habita
1287 4422 1471 4512 oratione
1514 4420 1714 4536 piissimus
1748 4418 1834 4498 Rex
1860 4434 1953 4496 ante

572 4532 822 4651 Episcopos‚
851 4560 1057 4651 tamquam
1076 4568 1169 4630 ante
1195 4563 1456 4660 conspectum
1483 4537 1589 4638 Dei,
1617 4563 1664 4622 ut
1695 4532 1829 4632 dixit,
1856 4557 1951 4614 con·

571 4650 711 4739 sistens
741 4653 956 4742 formulam
982 4659 1091 4743 Fidei
1124 4691 1147 4745 a
1179 4688 1218 4748 se
1251 4658 1517 4774 subscriptam
1547 4650 1739 4771 protulit,
1770 4677 1856 4765 qua
1875 4647 1953 4732 do-'

574 4769 701 4898 ptrina
736 4772 927 4860 catholica
956 4774 1005 4859 de
1038 4769 1509 4866 sanctissima'Trinitate
1545 4767 1859 4858 continebatur.

579 4903 691 4990 .·R.
725 4891 862 4977 Gloria
894 4895 984 5024 qu
1010 4921 1146 4982 nostro
1177 4897 1273 4991 lesu
1301 4890 1489 4987 ,Christo
1516 4950 1531 4992 ,
1554 4885 1628 5004 qui
1653 4912 1736 4974 tam
1766 4884 1955 4982 illustrem

575 5010 902 5120 gentemuniuri
934 5042 1051 5104 verae
1076 5009 1186 5099 Fidei
1219 5008 1448 5131 copulavit,
1489 5033 1528 5096 et
1541 5033 1677 5094 unum
1693 5019 1892 5124 gregem,
1916 5021 1957 5088 et
