5084 6234
1719 835 2814 929 HISPANICA
3493 863 3667 966 πῃ

1368 980 1755 1099 Principis
1820 980 2098 1069 laudes
2161 978 2556 1065 Gabrielis
2620 980 2800 1065 almi

1223 1133 1302 1220 3.
1371 1104 1791 1192 Concinat
1855 1125 2121 1187 noster
2188 1100 2542 1195 chorus,
2611 1098 2773 1212 ipse
2830 1123 3181 1211 namque

1203 1250 1289 1339 4.
1363 1223 1664 1309 Missus
1733 1249 1774 1303 e
1836 1217 2056 1304 caelo
2117 1221 2334 1305 bona
2392 1213 2612 1331 jussa
2671 1239 2954 1331 portat

1717 1335 2319 1452 Omnipotentis
2393 1394 2414 1416 .

1363 1453 1702 1541 Nuncia
1765 1453 2004 1539 nobis
2075 1450 2458 1552 Gabriel,
2523 1478 3006 1569 precamur,

1358 1575 1583 1659 Pacis
1647 1597 2014 1659 aeternae
2051 1570 2386 1688 speciale
2445 1600 2815 1674 munus,

1356 1694 1557 1807 Quo
1633 1692 1795 1807 poli
1867 1691 2194 1775 tandem
2251 1714 2670 1775 teneamus
2734 1688 3006 1777 aulam

1711 1810 2035 1926 Semper
2093 1832 2482 1897 ovantes..

1356 1934 1703 2013 Praestet
1764 1925 1921 2011 hoc
1987 1926 2225 2014 nobis
2292 1925 2571 2015 Deitas
2639 1931 2922 2015 beata

1352 2046 1669 2148 Patris,
1734 2075 1826 2132 ac
1895 2047 2154 2147 Nati,
2213 2045 2671 2161 pariterque
2730 2047 2990 2134 sancti
3089 2138 3100 2151 ,

1353 2164 1753 2283 Spiritus,
1784 2163 2020 2277 cujus
2056 2192 2377 2249 resonat
2407 2194 2550 2277 per
2577 2194 2901 2251 ornnem

1708 2278 1987 2364 Gloria
2051 2280 2517 2365 mundum.
2948 2303 2956 2315 '
3062 2281 3158 2365 Μ
3196 2310 3280 2367 m

885 2483 1337 2558 emendandos
1427 2481 1656 2553 censui
1751 2482 2032 2555 sublatis
2102 2482 2206 2555 his
2339 2484 2551 2557 fuerit
2612 2487 3006 2556 emendatus
3062 2482 3129 2556 in
3209 2478 3657 2571 Apparitione

888 2581 1198 2655 versibus
1225 2627 1246 2659 ‚
1277 2595 1284 2608 ·
2340 2583 2406 2653 8.
2414 2578 2772 2655 Michaelis
2802 2577 3214 2677 Archangeli
3243 2580 3347 2651 die
3381 2578 3653 2664 8.Ma1‘i,

891 2707 955 2755 1.
989 2677 1326 2750 Mentibus
1359 2677 1549 2748 laetis
1577 2673 1947 2761 iubilemus
1977 2700 2202 2750 omnes
2342 2699 2410 2752 et
2447 2682 2508 2752 in
2541 2681 2995 2753 Dedicatione
3033 2679 3334 2764 eiusdem
3383 2677 3490 2748 die
3534 2699 3653 2764 29.

883 2805 953 2851 2.
982 2779 1248 2848 Plectra
1282 2793 1623 2872 tangentes
1642 2774 1884 2863 fidibus
1914 2781 2199 2849 canoris.
2344 2779 2740 2876 Septembris
2770 2782 2853 2851 ad
2897 2778 3178 2852 laudes.
3237 2776 3365 2847 Sed
3434 2791 3514 2846 ut
3536 2796 3653 2868 ap-

884 2901 950 2949 2.
985 2879 1300 2948 concinat
1315 2892 1533 2948 noster
1563 2876 1821 2960 chorus,
1844 2879 1983 2975 ipse
2009 2899 2197 2949 nam·
2339 2897 2588 2971 pareat
2603 2929 2627 2963 ,
2683 2897 3011 2972 quantum
3041 2876 3169 2949 sibi
3206 2874 3455 2945 licere
3440 2896 3504 2942 in
3532 2894 3650 2943 ca-

1069 2996 1198 3070 que
1229 2989 1322 3043 est
2341 2978 2663 3068 stigandis
2694 2976 2968 3067 hymnis
2997 2973 3179 3045 docti
3214 2971 3310 3042 illi
3353 2970 3483 3039 viri
3531 2990 3651 3042 ex-

867 3095 949 3166 4.
978 3081 1235 3165 Magna
1256 3073 1629 3167 quimundo
1649 3087 1895 3143 reserat
1914 3084 2190 3142 secreta.
2341 3071 2852 3150 istimaverint‚
2913 3074 3248 3183 hymnum
3289 3084 3591 3138 veterem
3620 3111 3646 3148 ,

870 3171 1281 3263 Corripitur
1314 3172 1529 3260 prima
1565 3168 1872 3263 syllaba
1856 3193 1919 3238 in
1945 3162 2192 3251 iubile-
2334 3165 2554 3261 qualis
2610 3168 2678 3237 in
2735 3163 3076 3239 breviario
3138 3162 3524 3259 Hispalensi
3558 3164 3646 3235 ad

866 3292 1013 3342 mus
1040 3316 1061 3349 ‚
1094 3285 1161 3339 et
1203 3266 1266 3336 in
1299 3280 1600 3347 secreta,
1663 3291 1820 3338 cum
1862 3266 2059 3359 longa
2095 3263 2184 3335 sit
2338 3262 2571 3337 laudes
2638 3265 2841 3349 huius
2898 3265 3051 3339 festi
3083 3264 3429 3339 invenitur
3453 3306 3479 3343 ,
3504 3263 3642 3338 huc

871 3387 1224 3460 utraque.
1282 3365 1558 3435 Habent
1593 3364 1792 3436 etiam
1844 3369 2179 3459 hymnum
2315 3364 2751 3439 transferam.
2859 3401 2866 3411 ·

871 3464 1229 3558 proprium
1268 3464 1331 3533 in
1369 3463 1701 3535 matutino
1751 3460 2177 3535 Benedictini
2374 3465 2639 3537 Christe
2669 3481 3044 3539 sanctorum
3081 3466 3274 3538 decus
3334 3463 3642 3559 Angelo-

875 3562 1447 3675 Congregationis
1505 3562 2025 3635 vallisoletanae
2049 3557 2181 3631 alio
2459 3585 2608 3634 rum
2638 3609 2661 3645 ,

868 3681 1137 3743 metro,
1181 3685 1314 3731 non
1368 3660 1651 3731 immuni
1712 3678 1932 3732 tamen
1989 3661 2071 3729 ab
2100 3681 2182 3727 o·
2371 3668 2614 3745 Rector
2641 3657 2924 3733 humani
2942 3662 3249 3755 generis,
3286 3675 3353 3728 et
3378 3673 3633 3745 auctor,

875 3760 1010 3830 mni
1066 3781 1299 3830 errore
1331 3807 1352 3839 ‚
1389 3773 1466 3828 ut
1517 3757 1824 3828 cernitur
1857 3759 1917 3826 in
1953 3756 2180 3847 primo
2362 3755 2597 3848 ‘Nobis
2621 3760 2961 3829 aeternum
2992 3756 3210 3828 tribue
3235 3755 3559 3851 benignus

872 3878 1127 3937 versu,
1184 3865 1283 3927 En
1321 3863 1528 3926 noctis
1579 3857 1864 3926 medium
1926 3855 2180 3946 surgite
2552 3858 2872 3927 Scandere
2902 3855 3226 3927 Caelum.

863 3967 1195 4048 propere.
1246 3954 1574 4026 Officium
1631 3951 1987 4047 proprium
2054 3950 2183 4023 Hi·
2304 3993 2313 4010 ·
2363 3954 2678 4048 Angelus
2701 3952 2904 4041 fortis
2926 3951 3197 4025 Gabriel
3224 4002 3247 4036 ,
3275 3967 3350 4025 ut
3372 3952 3625 4028 hostem

875 4050 1176 4142 spalense
1204 4100 1226 4133 ,
1297 4056 1423 4125 hoc
1456 4057 1714 4148 hymno
1754 4054 2121 4143 praeterito
2157 4096 2178 4129 ‚
2304 4108 2315 4126 .
2365 4052 2590 4122 Pellat
2614 4055 3016 4149 antiquum,
3068 4051 3305 4127 volitet
3327 4047 3414 4121 ab
3436 4052 3618 4124 alto·

876 4146 1228 4240 antiquum
1295 4150 1358 4217 in
1426 4151 1850 4243 Angelorum
1913 4148 2179 4220 laudem
2306 4196 2311 4201 -
2366 4153 2643 4266 Saepius
2674 4150 2989 4247 templum
3019 4150 3291 4223 veniens
3324 4151 3426 4222 ad
3444 4149 3626 4223 istud

870 4245 1324 4334 compositum
1357 4249 1762 4340 assumpsit,
1802 4249 1916 4320 sed
1947 4269 2179 4317 corre·
2302 4293 2317 4304 -
2561 4251 2785 4318 Visere
2810 4262 3158 4321 nostrum.

870 4342 1168 4414 ctionem
1206 4341 1575 4414 Romanam
1638 4372 1767 4416 non
1809 4345 2116 4418 adhibuit
2153 4393 2175 4426 ,
2312 4405 2321 4412 .
2361 4350 2540 4419 Hinc
2570 4350 2697 4417 Dei
2727 4350 2935 4419 nostri
2962 4287 3269 4419 Genitrix
3290 4343 3523 4417 Maria
3616 4377 3629 4392 ·

870 4445 1177 4532 adeoque
1210 4441 1268 4510 in
1301 4463 1382 4507 eo
1410 4441 1787 4514 claudicant
1817 4445 1881 4514 hi
1915 4466 2173 4523 versus,
2365 4453 2563 4518 Totus
2594 4463 2658 4518 et
2689 4445 2871 4519 nobis
2897 4448 3133 4519 chorus
3198 4440 3617 4537 Angelorum

873 4548 1110 4624 Rector
1141 4540 1411 4608 humani
1437 4542 1704 4631 generis
1731 4588 1754 4623 ‚
1787 4556 1852 4610 et
1876 4559 2108 4613 auctor
2140 4578 2173 4594 -
2366 4553 2637 4641 Semper
2664 4548 2926 4616 assistat
2950 4586 2973 4626 ,
3028 4541 3229 4614 simul
3249 4556 3316 4610 et
3342 4537 3562 4611 beuta

866 4637 1096 4723 'Nobis
1124 4654 1458 4707 aeternum
1513 4637 1730 4705 tribue
1794 4637 2176 4732 benignus·
2561 4643 2795 4714 concio
2830 4656 3022 4712 tota.

869 4735 1097 4806 ‘Pellae
1143 4738 1486 4830 antiquum
1513 4783 1536 4818 ,
1598 4735 1839 4806 volitet
1869 4735 1955 4805 ab
1981 4736 2114 4806 alto
2145 4784 2196 4832 .,
2302 4743 2509 4816 Hunc
2537 4746 2863 4854 hymnum
2884 4760 3037 4809 cum
3071 4738 3328 4832 hymno
3354 4679 3618 4812 ῐποενῐι·ι

870 4835 1122 4905 Actum
1159 4858 1423 4928 agerem
1453 4882 1474 4915 ‚
1533 4836 1584 4903 si
1621 4858 1776 4904 cum
1835 4840 2165 4928 hymnum
2314 4840 2399 4911 rii
2436 4837 3060 4916 Romanicorrecto
3088 4834 3286 4907 facile
3332 4853 3432 4909 est
3457 4834 3613 4910 cui·
3687 4837 3702 4850 “
3821 4855 3828 4864 ’

870 4931 1368 5005 reformandum
1408 4932 1818 5023 susciperem
1860 4979 1882 5014 ,
1942 4954 2095 5003 cum
2132 4955 2171 5004 a
2306 4937 2420 5007 vis
2458 4937 2766 5009 conferre
2794 4981 2818 5013 2
2874 4949 2942 5005 ct
2966 4953 3286 5029 quantum
3322 4932 3406 5005 sit
3434 4932 3607 5009 intes

869 5025 1189 5102 Romanis
1269 5031 1801 5105 Correctoribus
1893 5029 2171 5125 egregie
2310 5052 2677 5135 utrumque
2710 5029 3607 5525 discrima-‚1135
3587 5105 3603 5117 .
