5084 6234
693 785 778 906 sm
1123 795 1650 893 Dssnvmnw

1228 1059 1550 1184 pxmnn
1989 1192 2082 1234 ,η

940 1246 1167 1367 Exponitnr
1181 1308 1196 1345 ,
1212 1244 1306 1359 qnid
1325 1246 1367 1331 in
1379 1242 1601 1359 ¹Hispanico
1624 1242 1839 1364 Hymnnrio

1172 1363 1223 1451 sit
1254 1360 1598 1474 refhrmnndnnm.

560 1554 562 1558 ’
603 1522 609 1532 ’
699 1581 797 1671 247.
818 1494 979 1647 Nunc
1005 1570 1053 1631 ut
1078 1541 1132 1628 ad
1149 1542 1454 1660 hymnologiam
1483 1540 1733 1628 ecclesiastici
1750 1540 1873 1630 officii
1890 1546 2085 1660 redeam

695 1705 742 1761 ac
762 1668 1076 1786 disputationem
1091 1694 1221 1750 meam
1235 1662 1400 1749 tandem
1419 1659 1641 1776 aliquando
1657 1660 1900 1749 concludam
1914 1729 1929 1768 ‚
1942 1699 2085 1790 super.

692 1816 777 1893 est,
804 1813 851 1894 ut
887 1783 1057 1876 breviter
1085 1783 1289 1884 indicem,
1320 1813 1427 1897 quae
1459 1781 1501 1864 in
1518 1776 1785 1867 ecelesiasticis
1808 1783 1973 1895 hymnis
1988 1818 2086 1906 pro-

587 1960 591 1964 ·
691 1909 769 2030 prii
785 1905 907 1993 officii
924 1902 1132 2017 Hispanici
1166 1900 1452 2000 emendanda,
1476 1899 1674 1985 mutanda
1694 1963 1708 2000 ,
1739 1922 1779 1986 et
1794 1901 1982 1988 addenda
2002 1937 2084 1996 esse

691 2022 952 2114 crediderim.
973 2019 1088 2106 Cum
1103 2021 1212 2107 enim
1227 2025 1280 2108 ab
1295 2018 1407 2105 omni
1433 2016 1652 2105 hominum
1667 2022 1856 2107 memoria
1875 2049 2086 2139 praestan-

691 2143 832 2234 tissimi
847 2140 923 2231 viri
941 2167 1015 2257 pro
1031 2137 1230 2256 cujusque
1249 2136 1439 2256 temporis
1456 2161 1578 2255 captu
1595 2136 1758 2249 hymnis
1776 2141 1892 2229 novis
1907 2146 2085 2262 compin·

690 2260 833 2381 gendis
847 2323 861 2362 ,
887 2286 959 2345 aut
974 2258 1156 2369 antiquis
1170 2255 1412 2376 castigandis
1427 2255 1612 2342 decorem
1626 2257 1759 2342 cultus
1774 2258 1903 2348 divini
1914 2292 2084 2379 promo-

691 2409 784 2472 vere
819 2378 1128 2480 contenderint,
1159 2402 1208 2465 ut
1232 2378 1429 2463 hactenus
1462 2399 1521 2463 est
1554 2373 1903 2480 demonstratum,
1928 2382 2083 2471 nuliius

693 2528 768 2616 ego
783 2497 933 2616 justam
962 2497 1315 2614 reprehensionem
1343 2494 1580 2597 incurram,
1609 2493 1641 2579 si
1661 2494 2084 2613 istiusmodihymno-

695 2646 790 2705 tum
805 2617 1130 2704 emendationem
1147 2642 1326 2732 congrue
1343 2612 1387 2699 in
1399 2613 1596 2731 Hispania
1612 2614 1909 2732 suscipiendam
1924 2647 2004 2706 esse
2021 2619 2083 2705 af-

1954 2736 2087 2825 firma·

694 2905 837 2977 Divinos
864 2901 899 2972 ai
925 2923 1003 2995 mny
1024 2898 1146 2984 nobie,
1169 2922 1194 2993 y
1222 2900 1361 2971 discreto
1426 2887 1606 2959 Oract'ml
1619 2889 1657 2955 de
1673 2893 2086 2998 fernantoeres,p0rque

696 3002 818 3077 utinen
837 3002 959 3072 Garcin
979 3000 1019 3071 de
1055 3007 1085 3071 5.
1104 2999 1245 3072 Maria.
1276 2997 1360 3069 Non
1423 2988 1571 3060 cttm'tne
1586 3004 1802 3087 resputstata
1819 2995 1962 3091 nignnas
1986 3007 2086 3092 Qe-

696 3104 844 3183 dnbito,
869 3099 952 3193 quin
980 3097 1002 3168 ii
1018 3098 1084 3169 sint
1101 3099 1248 3192 hymni,
1276 3119 1361 3191 quos
1421 3090 1566 3172 stiones,
1592 3089 1886 3188 quefizoetnoote
1906 3101 2084 3172 cavatore

698 3200 860 3271 Aifonsus
887 3201 929 3267 de
961 3196 1180 3289 Cartagena,
1209 3197 1361 3267 Antistes
1424 3194 1576 3259 ternant
1596 3200 1691 3263 Peres
1707 3195 1746 3261 de
1766 3198 1920 3270 anman
1936 3198 1971 3272 ai
2000 3210 2085 3286 Rev.

697 3294 909 3388 Burgensis,
938 3292 1043 3362 frater
1071 3294 1189 3363 Alvari
1210 3292 1362 3371 Garcia,
1424 3293 1465 3354 1³.
1478 3286 1629 3361 virtuoso
1659 3290 1801 3362 Perinde
1823 3310 1863 3367 ι).
1877 3296 2025 3384 Aifonso
2044 3299 2085 3368 dt

699 3407 949 3469 commemorat
976 3391 1007 3460 in
1023 3412 1129 3482 opere
1146 3417 1155 3457 ε
1186 3386 1364 3459 oracional
1427 3388 1601 3467 cortanna
1616 3391 1770 3461 dobnena
1785 3398 1945 3469 memoris
1963 3397 2085 3491 obispo

700 3496 740 3568 de
769 3489 918 3563 ternant
940 3496 1065 3568 Penes,
1091 3490 1147 3559 ubi
1164 3486 1198 3558 in
1215 3485 1362 3579 proiogo
1424 3482 1463 3548 dt
1477 3491 1632 3579 Burgos,
1660 3503 1804 3561 cocantes
1824 3496 1890 3565 als
1905 3492 1962 3577 fiel
1972 3543 1982 3576 ,
1998 3520 2016 3565 e
2030 3495 2085 3563 de.

703 3594 750 3666 ita
763 3590 1012 3661 Ferdinandum
1030 3587 1136 3659 Peren
1150 3589 1192 3658 de
1205 3586 1363 3657 Guzman
1424 3597 1506 3650 vota
1524 3589 1665 3661 oration
1683 3639 1693 3660 .
1720 3588 1754 3658 in
1772 3592 1836 3663 fine
1860 3620 1869 3661 s
1889 3600 1938 3663 En
1956 3591 1988 3662 ta
2007 3612 2087 3684 tnny

703 3689 894 3784 aiioquitut
909 3717 918 3757 ε
933 3695 1019 3757 Pero
1049 3707 1153 3782 agore
1186 3686 1365 3756 acotdades
1427 3678 1524 3750 noble
1541 3731 1553 3766 ,
1577 3690 1677 3761 elea!
1694 3688 1819 3761 cibdad
1830 3692 1870 3764 de
1880 3692 2014 3762 Murcia
2023 3706 2089 3786 pos·

702 3809 854 3888 passura
871 3787 902 3857 io
926 3787 1067 3866 divino,
1095 3809 1112 3854 e
1129 3787 1275 3866 denoto,
1302 3802 1366 3879 pne
1430 3801 1544 3853 nanos
1558 3789 1597 3856 de
1611 3789 1660 3860 los
1673 3791 1836 3862 hontados
1857 3788 1992 3860 Gabriel
2005 3797 2090 3881 Loys

707 3889 819 3959 etodo
835 3886 867 3956 io
881 3885 1023 3956 hnmano
1041 3886 1262 3963 transcende,
1288 3881 1371 3952 scri·
1430 3883 1568 3974 Atinyo
1588 3890 1739 3977 Notatio
1760 3936 1771 3970 ,
1803 3897 1984 3959 eMatstrt
2001 3898 2048 3957 Lo
2073 3909 2092 3960 t

706 3985 828 4057 viendo
840 3997 906 4078 por
918 3999 1056 4054 onestra
1070 4005 1176 4053 suave
1192 3976 1371 4065 metrificat·
1431 3980 1471 4047 de
1483 3980 1517 4048 la
1534 3991 1845 4081 hocalmpressones
1860 3990 1898 4057 de
1913 3902 2095 4059 Librosiit·

709 4083 783 4154 cion
802 4080 961 4172 hymnos,
993 4083 1222 4158 conciones,
1251 4091 1372 4147 cottas
1432 4097 1488 4146 nes
1519 4090 1620 4155 a26.
1635 4087 1706 4153 dias
1735 4090 1774 4156 de
1805 4093 1930 4158 Motzo
1961 4088 2024 4160 atio
2054 4086 2094 4158 dt

712 4178 1008 4272 contemplaciones
1047 4178 1319 4277 pertenescientes
1351 4197 1373 4243 a
1433 4176 1523 4246 mile
1538 4187 1843 4256 cccctnxxtn.
1863 4187 1967 4259 otios.
1987 4184 2097 4256 Volo·

711 4276 956 4353 consideracion
988 4276 1041 4345 dei
1074 4277 1160 4348 culto
1190 4278 1306 4347 divino
1334 4276 1373 4343 dt
1434 4297 1509 4346 men
1546 4300 1595 4351 est
1621 4287 1651 4352 in
1684 4284 1775 4367 tot,
1802 4284 2028 4358 Chatactetes
2051 4280 2096 4353 ad

711 4375 776 4477 qne‘
786 4398 831 4471 yo
853 4373 933 4467 algo
956 4373 1032 4466 icy,
1063 4375 1134 4444 eoi
1145 4375 1238 4455 ieet,
1269 4371 1375 4443 εἰσιν
1435 4376 1605 4448 Gothicos
1620 4381 1830 4476 aliquantum
1846 4388 2022 4464 accedunt,
2035 4377 2096 4453 sed

666 4555 668 4560 ,
711 4477 748 4550 at
761 4485 829 4568 hey
847 4476 885 4544 de
912 4471 1063 4567 gloriosa
1091 4473 1279 4552 memoria,
1313 4490 1377 4565 qne
1439 4477 1560 4555 majori
1579 4502 1623 4556 en
1640 4499 1735 4576 parte
1750 4506 1827 4555 sunt
1842 4482 1986 4556 Romani
2003 4474 2094 4549 .His

584 4642 586 4646 ,
715 4579 754 4647 de
765 4590 864 4670 poros
878 4572 1020 4643 disseca
1037 4571 1076 4641 de
1103 4592 1212 4640 nosse
1238 4570 1375 4665 partio.
1436 4574 1554 4645 addam
1574 4583 1738 4674 hymnum
1755 4582 1868 4676 lingua
1892 4576 2097 4652 lusitanicas

714 4673 817 4745 Hunc
829 4670 951 4742 librum
963 4668 1062 4741 aiitet
1075 4667 1274 4761 inscriptum
1286 4666 1375 4755 apud
1436 4676 1468 4738 S.
1485 4671 1662 4753 Francssco
1677 4682 1825 4752 Xaverio
1837 4674 2066 4766 compositum
2082 4712 2096 4749 s

716 4765 801 4841 alim
830 4771 990 4850 memini,
1019 4770 1077 4839 ted
1109 4767 1246 4839 titulum
1277 4765 1374 4859 posui
1437 4794 1538 4864 quem
1552 4779 1690 4852 latinum
1709 4799 1817 4851 metro
1832 4770 2099 4846 iambicodime·

719 4864 881 4939 editionis
913 4865 1298 4956 antiquissimat,tuius
1326 4881 1378 4938 est
1438 4889 1494 4941 tro
1523 4876 1606 4948 fecit
1634 4881 1753 4948 Petrus
1782 4871 1940 4944 Possim
1970 4866 2031 4939 tib.
2063 4889 2098 4937 ²·

721 4964 858 5042 initium
880 4990 889 5030 ι
909 4967 1067 5036 Tractatio
1087 4981 1157 5062 qne
1171 4988 1205 5037 ss
1228 4967 1332 5040 llam
1347 4963 1379 5036 ei
1440 4974 1544 5069 Epist.
1556 4991 1656 5073 p.94
1673 4975 1815 5068 Epistn.
