5084 6234
601 810 690 924 41⁶
936 782 1610 902 'snevtnnrusr

597 948 768 1070 legendo
806 1009 817 1033 .
851 948 1022 1065 Quibus
1058 951 1177 1037 rebus
1205 948 1542 1058 animadversis,
1585 952 1708 1042 felicis
1740 952 1995 1044 ncordafis

600 1072 663 1155 nis
698 1069 890 1156 Clemens
919 1068 1011 1152 Vll.
1040 1068 1225 1157 Pontifex
1257 1070 1511 1173 Maximus,
1540 1104 1639 1161 cum
1668 1074 1902 1191 intelligeret
1931 1075 1996 1164 of·

596 1187 677 1306 licii
703 1188 768 1277 sui
805 1216 890 1276 esse
922 1251 936 1292 ,
977 1218 1072 1274 curn
1102 1188 1281 1274 aliorum
1311 1186 1648 1280 Christianorum
1689 1192 1996 1292 commoditati-

599 1310 675 1395 bus
706 1309 935 1425 prospicere
966 1367 981 1409 ,
1008 1333 1098 1393 tum
1123 1308 1167 1392 in
1195 1307 1334 1425 primis
1368 1307 1606 1398 clericorum
1638 1371 1653 1408 ,
1686 1313 1839 1429 quibus
1862 1310 1993 1397 mini-

595 1424 685 1514 stris
716 1454 896 1516 uteretut
926 1427 971 1511 in
1003 1426 1215 1512 commisso
1249 1426 1326 1514 sibi
1368 1456 1482 1544 grege
1526 1432 1851 1519 administrando
1881 1493 1896 1535 ,
1922 1459 1992 1521 me

595 1546 784 1637 hortatus
800 1573 857 1635 est
876 1609 889 1648 ,
926 1544 1213 1662 negotiumque
1232 1543 1376 1648 dedit,
1414 1573 1461 1631 ut
1478 1576 1681 1663 quantum
1700 1581 1797 1640 curn
1815 1614 1830 1654 ,
1861 1575 1902 1637 et
1920 1549 1992 1636 di-

597 1666 758 1785 ligentia
778 1669 852 1756 niti
872 1694 1057 1785 possem,
1087 1692 1223 1780 preces
1238 1664 1421 1750 horarias
1448 1696 1496 1752 ea
1526 1667 1684 1755 ratione
1702 1669 1993 1786 disponerem,

595 1812 644 1874 ut
658 1790 854 1890 sublatis,
886 1813 990 1901 quas
1009 1782 1125 1884 dixi,
1156 1781 1493 1889 difficultatibus,
1525 1813 1564 1873 et
1580 1788 1823 1905 dispendiis,
1852 1788 1990 1878 clerici

597 1906 821 2025 majoribus
838 1905 958 1993 etiam
985 1904 1206 1990 commodis
1240 1903 1295 1987 ad
1326 1905 1582 2015 precandum
1615 1908 1870 1996 allicerentur
1884 1904 1961 2023 (n)
1975 1965 1999 1997 .·

595 2024 738 2139 Quam
773 2057 847 2144 ego
873 2019 1124 2139 provinciam
1157 2018 1413 2108 libentissime
1449 2024 1604 2141 suscepi
1636 2026 1756 2113 simul
1772 2054 1819 2115 ut
1832 2026 1990 2143 pastori

592 2173 752 2231 summo
765 2144 834 2263 (b)
852 2139 1129 2229 honestissima
1156 2139 1417 2258 praecipienti
1434 2171 1616 2257 parerem
1632 2208 1645 2246 ,
1661 2144 1781 2232 simul
1808 2171 1854 2231 ut
1869 2146 1988 2234 bono

592 2257 758 2380 publico
801 2293 876 2383 pro
894 2290 982 2347 mea
1014 2256 1119 2345 virili
1136 2285 1246 2379 parte
1261 2259 1486 2347 servirem.
1517 2260 1724 2351 Adhibitis
1743 2263 1863 2381 igitur
1888 2263 1987 2372 qui·

592 2384 768 2471 busdam
790 2406 975 2471 meorum
1006 2376 1322 2465 domesticorum
1351 2378 1624 2495 prudentibus
1662 2381 1898 2470 hominibus
1913 2410 1996 2470 sa-

593 2528 757 2591 crarum
785 2502 1008 2591 litteratum
1025 2559 1041 2598 ,
1072 2520 1112 2583 et
1127 2495 1325 2614 pontificii
1342 2495 1443 2614 jutis
1459 2499 1644 2586 doctrina
1660 2498 1881 2617 praeditis,
1908 2497 1988 2611 ,eis-

593 2620 768 2737 demque
782 2650 946 2740 graece,
970 2640 1009 2702 et
1023 2614 1145 2702 latine
1159 2615 1362 2717 eruditis,
1389 2616 1485 2701 dedi
1520 2647 1547 2703 o
1576 2648 1686 2706 erant
1710 2648 1837 2734 quarn
1856 2617 1989 2705 maxi*

591 2763 654 2823 me
673 2742 820 2858 potui,
855 2764 902 2825 ut
917 2733 1128 2821 commode
1144 2762 1190 2821 ac
1203 2762 1253 2821 ex
1269 2734 1440 2823 utilitate
1457 2649 1616 2852 publica
1634 2766 1718 2825 rem
1742 2736 1985 2850 conficerem

591 2855 636 2943 in
653 2860 767 2948 hunc
786 2858 960 2947 maxime
977 2853 1173 2939 modum.
1580 2929 1584 2938 .
1903 2933 1915 2954 ,
1960 2917 1990 2953 ,.

608 3045 611 3050 .
711 2979 879 3069 Omissis
894 2972 1164 3092 antiphonis,
1194 2971 1409 3092 capitulis,
1435 2999 1474 3061 et
1489 2976 1776 3095 responsoriis,
1808 3004 1855 3065 ac
1874 2975 1982 3064 ntul-

588 3098 638 3189 tis
658 3101 850 3217 hymnis,
882 3099 1101 3209 ceterisque
1135 3092 1180 3179 id
1210 3121 1340 3209 genus
1375 3095 1493 3182 rebus
1522 3095 1743 3214 scripturae
1761 3124 1896 3185 sacrae
1926 3096 1980 3184 le·

586 3220 763 3307 ctionem
789 3214 1131 3337 impedientibus,
1160 3212 1407 3303 breviarium
1439 3240 1599 3303 constat
1633 3246 1683 3304 ex
1711 3215 1874 3332 psalmis
1897 3276 1912 3318 ,
1935 3235 1981 3305 et

584 3342 782 3458 scriptura
799 3366 910 3425 sacra
930 3332 1098 3435 veteris,
1130 3355 1169 3417 et
1186 3332 1284 3420 novi
1301 3334 1526 3421 testamenti
1546 3392 1560 3431 ,
1589 3361 1629 3424 et
1646 3361 1883 3423 sanctorum
1915 3331 1983 3419 hi·

585 3457 750 3561 storiis,
783 3486 888 3573 quas
910 3450 1186 3570 exprobetis,
1215 3473 1257 3537 et
1271 3453 1463 3569 gravibus
1478 3454 1718 3541 auctoribus
1736 3453 1918 3573 graecis,
1937 3475 1982 3543 et

584 3576 720 3666 latinis
734 3574 1036 3693 decerpsimus,
1065 3572 1312 3682 easdemque
1329 3572 1434 3688 stylo
1456 3571 1582 3690 paulo
1602 3571 1772 3687 quidem
1790 3571 1979 3675 cultiore,

585 3727 673 3784 non
691 3723 824 3784 tamen
842 3694 1013 3794 fucato,
1046 3719 1242 3777 exornare
1270 3692 1507 3781 curavimus
1526 3752 1537 3776 .
1568 3692 1707 3779 Relicti
1740 3717 1837 3782 sunt
1854 3690 1980 3779 etiam

583 3845 633 3907 ex
651 3818 828 3931 hymnis,
838 3815 911 3930 qui
929 3810 1153 3931 plurimum
1171 3810 1359 3897 omnium
1374 3811 1523 3899 habere
1544 3812 1620 3897 visi
1635 3839 1734 3901 sunt
1752 3810 1982 3901 auctorita·

484 4032 487 4042 ,
583 3937 663 4040 tis,
694 3934 985 4055 etgravitatis.
1014 3929 1154 4017 Psalmi
1178 3954 1281 4015 sunt
1307 3930 1360 4017 ita
1389 3929 1626 4031 distributi,
1661 3957 1846 4027 retento,
1873 3955 1981 4042 qua·

585 4078 705 4142 tenus
718 4054 859 4154 licuit,
895 4076 1078 4142 veterum
1094 4053 1262 4135 Patrum
1280 4048 1496 4154 instituto,
1527 4073 1576 4136 ut
1602 4080 1742 4138 omnes
1774 4047 1981 4168 perlegan-

585 4197 654 4262 tur
675 4173 843 4292 singulis
857 4168 1126 4259 hebdomadis
1143 4168 1267 4258 totius
1284 4174 1400 4272 anni,
1416 4170 1519 4258 terni
1534 4168 1685 4289 singuli
1703 4170 1830 4274 horis,
1846 4167 1978 4258 unius

582 4416 749 4509 quaedam
777 4428 845 4485 tam
864 4407 1012 4483 incultae
1040 4427 1074 4479 et
1101 4427 1170 4479 tam
1200 4410 1245 4481 si·
1316 4413 1450 4503 diisque
1489 4410 1630 4484 sublatis
1660 4457 1672 4491 ,
1705 4435 1767 4485 nee
1794 4434 1813 4480 a
1842 4405 1980 4479 sumnia

581 4534 625 4583 ne
663 4513 801 4587 delectu
834 4510 981 4604 scriptae
1010 4510 1180 4580 habentur
1210 4509 1242 4579 in
1317 4508 1457 4581 rationis
1473 4511 1555 4584 olim
1572 4508 1803 4603 abantiquis,
1831 4503 1981 4579 sanctis·
2025 4590 2029 4599 Ι

582 4612 731 4695 eodem,
761 4629 799 4684 ut
830 4634 891 4683 nec
920 4607 1169 4681 authoritatem
1186 4610 1243 4678 ha·
1313 4633 1380 4703 que
1400 4607 1560 4682 Patribus
1579 4608 1751 4682 institutae
1783 4605 1980 4679 discedere·

581 4705 663 4777 bere
677 4709 882 4794 videantur,
900 4732 960 4780 nee
976 4706 1202 4802 gravitatem.
1312 4725 1371 4778 tur
1387 4733 1473 4781 enee
1490 4732 1624 4781 rursum
1653 4706 1772 4779 clerici
1801 4708 1843 4777 ab
1856 4698 1981 4773 officio

632 4814 682 4898 (al
698 4814 736 4875 In
752 4806 872 4882 bnrec.
894 4831 1011 4898 preces
1029 4804 1179 4878 horarias
1195 4804 1242 4878 ita
1311 4809 1471 4902 precandi
1489 4811 1745 4881 deterrerentur
1762 4800 1885 4878 laboris
1904 4819 1980 4871 ma·

580 4902 827 4999 disponerem,
859 4927 893 4979 et
913 4910 955 4980 ad
974 4921 1127 4978 veterem
1149 4904 1242 4979 illam
1313 4906 1518 5002 gnitudine.
1910 4993 1919 5011 ι

581 5002 754 5087 formam,
782 5008 892 5098 quoad
909 5005 982 5077 lieri
998 5023 1137 5097 posset,
1153 5006 1243 5079 redi·
1361 5004 1412 5097 (h)
1438 5004 1544 5083 lehn
1557 5025 1624 5083 tet·
1642 5019 1681 5077 ut
1712 4994 1847 5077 Christi
1873 4993 1981 5100 ilica·¹

540 5122 783 5208 ·getem,rut
799 5100 1083 5200 difficultatibus,
1108 5103 1244 5204 dispen·
1313 5104 1396 5200 rio.¹
1974 5140 1979 5150 ·
