<?xml version="1.0" encoding="UTF-8"?>
<!DOCTYPE html PUBLIC "-//W3C//DTD XHTML 1.0 Transitional//EN"
    "http://www.w3.org/TR/xhtml1/DTD/xhtml1-transitional.dtd">
<html xmlns="http://www.w3.org/1999/xhtml" xml:lang="en" lang="en">
 <head>
  <title>
</title>
<meta http-equiv="Content-Type" content="text/html;charset=utf-8" />
  <meta name='ocr-system' content='tesseract 3.04.00' />
  <meta name='ocr-capabilities' content='ocr_page ocr_carea ocr_par ocr_line ocrx_word'/>
</head>
<body>
  <div class='ocr_page' id='page_1' title='image "./hymnodiahispani00argoog/hymnodiahispani00argoog_0248.png"; bbox 0 0 5084 6234; ppageno 0'>
   <div class='ocr_carea' id='block_1_1' title="bbox 722 795 1672 904">
    <p class='ocr_par' dir='ltr' id='par_1_1' title="bbox 722 795 1672 904">
     <span class='ocr_line' id='line_1_1' title="bbox 722 795 1672 904; baseline -0.004 -13"><span class='ocrx_word' id='word_1_1' title='bbox 722 801 807 904; x_wconf 78' lang='grc'>338</span> <span class='ocrx_word' id='word_1_2' title='bbox 1150 795 1672 889; x_wconf 80' lang='lat' dir='ltr'>HYM&#39;N&#39;ODlA</span> 
     </span>
    </p>
   </div>
   <div class='ocr_carea' id='block_1_2' title="bbox 725 1012 1874 1896">
    <p class='ocr_par' dir='ltr' id='par_1_2' title="bbox 725 1012 1874 1896">
     <span class='ocr_line' id='line_1_2' title="bbox 725 1012 1634 1149; baseline -0.003 -1"><span class='ocrx_word' id='word_1_3' title='bbox 725 1061 791 1148; x_wconf 85' lang='lat' dir='ltr'>Ad</span> <span class='ocrx_word' id='word_1_4' title='bbox 807 1079 946 1149; x_wconf 65' lang='lat' dir='ltr'>man:</span> <span class='ocrx_word' id='word_1_5' title='bbox 965 1012 1096 1149; x_wconf 80' lang='lat' dir='ltr'>Ater</span> <span class='ocrx_word' id='word_1_6' title='bbox 1115 1055 1256 1144; x_wconf 81' lang='lat' dir='ltr'>infami</span> <span class='ocrx_word' id='word_1_7' title='bbox 1290 1059 1455 1148; x_wconf 88' lang='lat' dir='ltr'>coluber</span> <span class='ocrx_word' id='word_1_8' title='bbox 1472 1088 1634 1149; x_wconf 87' lang='lat' dir='ltr'>veneno</span> 
     </span>
     <span class='ocr_line' id='line_1_3' title="bbox 959 1175 1692 1295; baseline 0.005 -33"><span class='ocrx_word' id='word_1_9' title='bbox 959 1176 1144 1263; x_wconf 86' lang='lat' dir='ltr'>Luminis</span> <span class='ocrx_word' id='word_1_10' title='bbox 1174 1178 1324 1295; x_wconf 85' lang='lat' dir='ltr'>primas</span> <span class='ocrx_word' id='word_1_11' title='bbox 1354 1175 1510 1267; x_wconf 81' lang='lat' dir='ltr'>vitiavit</span> <span class='ocrx_word' id='word_1_12' title='bbox 1540 1209 1692 1281; x_wconf 86' lang='lat' dir='ltr'>auras,</span> 
     </span>
     <span class='ocr_line' id='line_1_4' title="bbox 961 1294 1756 1385; baseline 0.005 -4"><span class='ocrx_word' id='word_1_13' title='bbox 961 1295 1072 1383; x_wconf 90' lang='lat' dir='ltr'>Tum</span> <span class='ocrx_word' id='word_1_14' title='bbox 1103 1294 1214 1381; x_wconf 86' lang='lat' dir='ltr'>nefas</span> <span class='ocrx_word' id='word_1_15' title='bbox 1247 1327 1371 1380; x_wconf 84' lang='lat' dir='ltr'>ausus</span> <span class='ocrx_word' id='word_1_16' title='bbox 1389 1294 1557 1385; x_wconf 86' lang='lat' dir='ltr'>vetitum</span> <span class='ocrx_word' id='word_1_17' title='bbox 1591 1298 1756 1385; x_wconf 88' lang='lat' dir='ltr'>ruinam</span> 
     </span>
     <span class='ocr_line' id='line_1_5' title="bbox 1082 1413 1475 1501; baseline 0 -2"><span class='ocrx_word' id='word_1_18' title='bbox 1082 1414 1227 1501; x_wconf 83' lang='lat' dir='ltr'>Traxit</span> <span class='ocrx_word' id='word_1_19' title='bbox 1257 1413 1475 1501; x_wconf 79' lang='lat' dir='ltr'>Adamus.</span> 
     </span>
     <span class='ocr_line' id='line_1_6' title="bbox 956 1533 1874 1636; baseline 0 -12"><span class='ocrx_word' id='word_1_20' title='bbox 956 1540 1057 1626; x_wconf 89' lang='lat' dir='ltr'>Inde</span> <span class='ocrx_word' id='word_1_21' title='bbox 1091 1561 1198 1621; x_wconf 86' lang='lat' dir='ltr'>mors</span> <span class='ocrx_word' id='word_1_22' title='bbox 1230 1533 1384 1621; x_wconf 87' lang='lat' dir='ltr'>instans</span> <span class='ocrx_word' id='word_1_23' title='bbox 1414 1534 1603 1636; x_wconf 87' lang='lat' dir='ltr'>homini,</span> <span class='ocrx_word' id='word_1_24' title='bbox 1633 1564 1707 1621; x_wconf 86' lang='lat' dir='ltr'>nec</span> <span class='ocrx_word' id='word_1_25' title='bbox 1739 1566 1874 1624; x_wconf 89' lang='lat' dir='ltr'>unum</span> 
     </span>
     <span class='ocr_line' id='line_1_7' title="bbox 958 1653 1755 1770; baseline -0.004 -27"><span class='ocrx_word' id='word_1_26' title='bbox 958 1656 1112 1745; x_wconf 87' lang='lat' dir='ltr'>Prodiit</span> <span class='ocrx_word' id='word_1_27' title='bbox 1130 1653 1261 1741; x_wconf 84' lang='lat' dir='ltr'>morbi</span> <span class='ocrx_word' id='word_1_28' title='bbox 1294 1681 1453 1770; x_wconf 83' lang='lat' dir='ltr'>genus,</span> <span class='ocrx_word' id='word_1_29' title='bbox 1482 1681 1523 1742; x_wconf 89' lang='lat' dir='ltr'>et</span> <span class='ocrx_word' id='word_1_30' title='bbox 1551 1655 1667 1768; x_wconf 91' lang='lat' dir='ltr'>quod</span> <span class='ocrx_word' id='word_1_31' title='bbox 1692 1654 1755 1740; x_wconf 89' lang='lat' dir='ltr'>illa</span> 
     </span>
     <span class='ocr_line' id='line_1_8' title="bbox 960 1770 1863 1896; baseline -0.007 -33"><span class='ocrx_word' id='word_1_32' title='bbox 960 1778 1081 1896; x_wconf 81' lang='lat' dir='ltr'>Pejus</span> <span class='ocrx_word' id='word_1_33' title='bbox 1111 1800 1199 1870; x_wconf 90' lang='lat' dir='ltr'>est,</span> <span class='ocrx_word' id='word_1_34' title='bbox 1227 1772 1427 1858; x_wconf 79' lang='lat' dir='ltr'>fraudum</span> <span class='ocrx_word' id='word_1_35' title='bbox 1456 1773 1645 1861; x_wconf 88' lang='lat' dir='ltr'>cumulus</span> <span class='ocrx_word' id='word_1_36' title='bbox 1672 1773 1751 1862; x_wconf 84' lang='lat' dir='ltr'>sub</span> <span class='ocrx_word' id='word_1_37' title='bbox 1784 1770 1863 1860; x_wconf 89' lang='lat' dir='ltr'>alto</span> 
     </span>
    </p>
   </div>
   <div class='ocr_carea' id='block_1_3' title="bbox 1083 1891 1433 1980">
    <p class='ocr_par' dir='ltr' id='par_1_3' title="bbox 1083 1891 1433 1980">
     <span class='ocr_line' id='line_1_9' title="bbox 1083 1891 1433 1980; baseline 0 -3"><span class='ocrx_word' id='word_1_38' title='bbox 1083 1891 1221 1977; x_wconf 86' lang='lat' dir='ltr'>Corde</span> <span class='ocrx_word' id='word_1_39' title='bbox 1258 1891 1433 1980; x_wconf 86' lang='lat' dir='ltr'>resedit.</span> 
     </span>
    </p>
   </div>
   <div class='ocr_carea' id='block_1_4' title="bbox 700 2121 2108 5186">
    <p class='ocr_par' dir='ltr' id='par_1_4' title="bbox 700 2121 2108 5186">
     <span class='ocr_line' id='line_1_10' title="bbox 717 2121 2107 2224; baseline 0 -20"><span class='ocrx_word' id='word_1_40' title='bbox 717 2128 878 2205; x_wconf 72' lang='lat' dir='ltr'>billonius</span> <span class='ocrx_word' id='word_1_41' title='bbox 898 2132 1058 2221; x_wconf 81' lang='lat' dir='ltr'>producit</span> <span class='ocrx_word' id='word_1_42' title='bbox 1072 2177 1083 2212; x_wconf 92' lang='lat'>,</span> <span class='ocrx_word' id='word_1_43' title='bbox 1096 2127 1200 2201; x_wconf 78' lang='lat' dir='ltr'>luisse</span> <span class='ocrx_word' id='word_1_44' title='bbox 1215 2144 1297 2204; x_wconf 89' lang='lat' dir='ltr'>tunc</span> <span class='ocrx_word' id='word_1_45' title='bbox 1313 2127 1382 2222; x_wconf 90' lang='lat' dir='ltr'>pri·</span> <span class='ocrx_word' id='word_1_46' title='bbox 1446 2127 1631 2220; x_wconf 82' lang='lat' dir='ltr'>induxerit,</span> <span class='ocrx_word' id='word_1_47' title='bbox 1645 2150 1747 2224; x_wconf 88' lang='lat' dir='ltr'>quem</span> <span class='ocrx_word' id='word_1_48' title='bbox 1764 2127 2007 2204; x_wconf 74' lang='lat' dir='ltr'>oordsaloonr</span> <span class='ocrx_word' id='word_1_49' title='bbox 2021 2121 2107 2203; x_wconf 85' lang='lat' dir='ltr'>Ber·</span> 
     </span>
     <span class='ocr_line' id='line_1_11' title="bbox 714 2227 2108 2326; baseline -0.001 -22"><span class='ocrx_word' id='word_1_50' title='bbox 714 2252 810 2304; x_wconf 84' lang='lat' dir='ltr'>mum</span> <span class='ocrx_word' id='word_1_51' title='bbox 825 2230 1079 2324; x_wconf 83' lang='lat' dir='ltr'>conscriptam,</span> <span class='ocrx_word' id='word_1_52' title='bbox 1103 2246 1161 2300; x_wconf 90' lang='lat' dir='ltr'>aut</span> <span class='ocrx_word' id='word_1_53' title='bbox 1190 2227 1311 2302; x_wconf 85' lang='lat' dir='ltr'>saltem</span> <span class='ocrx_word' id='word_1_54' title='bbox 1328 2228 1382 2300; x_wconf 91' lang='lat' dir='ltr'>in·</span> <span class='ocrx_word' id='word_1_55' title='bbox 1445 2229 1605 2301; x_wconf 90' lang='lat' dir='ltr'>nardinus</span> <span class='ocrx_word' id='word_1_56' title='bbox 1633 2231 1676 2299; x_wconf 90' lang='lat' dir='ltr'>de</span> <span class='ocrx_word' id='word_1_57' title='bbox 1710 2228 1835 2299; x_wconf 78' lang='lat' dir='ltr'>bustos</span> <span class='ocrx_word' id='word_1_58' title='bbox 1868 2232 2047 2320; x_wconf 83' lang='lat' dir='ltr'>nominat,</span> <span class='ocrx_word' id='word_1_59' title='bbox 2071 2244 2108 2326; x_wconf 77' lang='lat' dir='ltr'>et</span> 
     </span>
     <span class='ocr_line' id='line_1_12' title="bbox 716 2321 2105 2419; baseline -0.002 -17"><span class='ocrx_word' id='word_1_60' title='bbox 716 2328 947 2419; x_wconf 77' lang='lat' dir='ltr'>terpolatam,</span> <span class='ocrx_word' id='word_1_61' title='bbox 976 2321 1054 2401; x_wconf 81' lang='lat' dir='ltr'>cum</span> <span class='ocrx_word' id='word_1_62' title='bbox 1075 2324 1378 2398; x_wconf 73' lang='lat' dir='ltr'>effervescentibus</span> <span class='ocrx_word' id='word_1_63' title='bbox 1444 2326 1624 2398; x_wconf 85' lang='lat' dir='ltr'>l’elbartus</span> <span class='ocrx_word' id='word_1_64' title='bbox 1668 2323 1869 2413; x_wconf 74' lang='lat' dir='ltr'>rtrefonsum</span> <span class='ocrx_word' id='word_1_65' title='bbox 1898 2379 1911 2405; x_wconf 89' lang='lat'>.</span> <span class='ocrx_word' id='word_1_66' title='bbox 1942 2330 2105 2408; x_wconf 76' lang='lat' dir='ltr'>Aetatem</span> 
     </span>
     <span class='ocr_line' id='line_1_13' title="bbox 713 2423 2107 2524; baseline 0 -27"><span class='ocrx_word' id='word_1_67' title='bbox 713 2426 957 2505; x_wconf 80' lang='lat' dir='ltr'>controversiis</span> <span class='ocrx_word' id='word_1_68' title='bbox 973 2429 1014 2499; x_wconf 93' lang='lat' dir='ltr'>de</span> <span class='ocrx_word' id='word_1_69' title='bbox 1035 2430 1100 2499; x_wconf 87' lang='lat' dir='ltr'>hoc</span> <span class='ocrx_word' id='word_1_70' title='bbox 1127 2423 1377 2514; x_wconf 85' lang='lat' dir='ltr'>Conceptionis</span> <span class='ocrx_word' id='word_1_71' title='bbox 1411 2453 1413 2457; x_wconf 94' lang='lat'>·</span> <span class='ocrx_word' id='word_1_72' title='bbox 1445 2423 1648 2497; x_wconf 89' lang='lat' dir='ltr'>Gundisalvi</span> <span class='ocrx_word' id='word_1_73' title='bbox 1665 2433 1679 2512; x_wconf 89' lang='lat'>(</span> <span class='ocrx_word' id='word_1_74' title='bbox 1696 2449 1771 2497; x_wconf 90' lang='lat' dir='ltr'>nam</span> <span class='ocrx_word' id='word_1_75' title='bbox 1788 2425 1822 2496; x_wconf 90' lang='lat' dir='ltr'>id</span> <span class='ocrx_word' id='word_1_76' title='bbox 1844 2427 1989 2500; x_wconf 87' lang='lat' dir='ltr'>nominis</span> <span class='ocrx_word' id='word_1_77' title='bbox 2007 2450 2107 2524; x_wconf 67' lang='grc' dir='ltr'>3333·ί</span> 
     </span>
     <span class='ocr_line' id='line_1_14' title="bbox 712 2521 2106 2618; baseline 0.001 -21"><span class='ocrx_word' id='word_1_78' title='bbox 712 2522 802 2597; x_wconf 73' lang='lat' dir='ltr'>festo</span> <span class='ocrx_word' id='word_1_79' title='bbox 815 2525 1008 2597; x_wconf 90' lang='lat' dir='ltr'>inducendo</span> <span class='ocrx_word' id='word_1_80' title='bbox 1023 2525 1098 2615; x_wconf 87' lang='lat' dir='ltr'>piae</span> <span class='ocrx_word' id='word_1_81' title='bbox 1118 2521 1304 2592; x_wconf 86' lang='lat' dir='ltr'>sententiae</span> <span class='ocrx_word' id='word_1_82' title='bbox 1319 2523 1378 2593; x_wconf 93' lang='lat' dir='ltr'>de·</span> <span class='ocrx_word' id='word_1_83' title='bbox 1442 2522 1526 2613; x_wconf 79' lang='lat' dir='ltr'>lert)</span> <span class='ocrx_word' id='word_1_84' title='bbox 1544 2524 1756 2597; x_wconf 83' lang='lat' dir='ltr'>statuendam</span> <span class='ocrx_word' id='word_1_85' title='bbox 1775 2548 1847 2596; x_wconf 88' lang='lat' dir='ltr'>esse</span> <span class='ocrx_word' id='word_1_86' title='bbox 1865 2525 2027 2618; x_wconf 90' lang='lat' dir='ltr'>opinatur</span> <span class='ocrx_word' id='word_1_87' title='bbox 2045 2523 2106 2602; x_wconf 83' lang='lat' dir='ltr'>Sa·.</span> 
     </span>
     <span class='ocr_line' id='line_1_15' title="bbox 710 2618 2106 2717; baseline 0 -23"><span class='ocrx_word' id='word_1_88' title='bbox 710 2619 862 2702; x_wconf 71' lang='lat' dir='ltr'>lectores</span> <span class='ocrx_word' id='word_1_89' title='bbox 882 2623 1118 2715; x_wconf 81' lang='lat' dir='ltr'>antiquitatem</span> <span class='ocrx_word' id='word_1_90' title='bbox 1145 2618 1236 2692; x_wconf 83' lang='lat' dir='ltr'>illius</span> <span class='ocrx_word' id='word_1_91' title='bbox 1251 2644 1375 2713; x_wconf 88' lang='lat' dir='ltr'>,quam</span> <span class='ocrx_word' id='word_1_92' title='bbox 1441 2621 1585 2696; x_wconf 74' lang='lat' dir='ltr'>lotarius</span> <span class='ocrx_word' id='word_1_93' title='bbox 1599 2619 1703 2714; x_wconf 90' lang='lat' dir='ltr'>paulo</span> <span class='ocrx_word' id='word_1_94' title='bbox 1724 2642 1799 2717; x_wconf 86' lang='lat' dir='ltr'>post</span> <span class='ocrx_word' id='word_1_95' title='bbox 1815 2622 2014 2694; x_wconf 72' lang='lat' dir='ltr'>§.ildefonsi</span> <span class='ocrx_word' id='word_1_96' title='bbox 2033 2621 2106 2694; x_wconf 85' lang='lat' dir='ltr'>To·</span> 
     </span>
     <span class='ocr_line' id='line_1_16' title="bbox 710 2719 2104 2811; baseline 0.002 -21"><span class='ocrx_word' id='word_1_97' title='bbox 710 2719 892 2800; x_wconf 79' lang='lat' dir='ltr'>maximam</span> <span class='ocrx_word' id='word_1_98' title='bbox 910 2735 1271 2811; x_wconf 88' lang='lat' dir='ltr'>possent,quaererent.</span> <span class='ocrx_word' id='word_1_99' title='bbox 1288 2719 1375 2790; x_wconf 85' lang='lat' dir='ltr'>Sala·</span> <span class='ocrx_word' id='word_1_100' title='bbox 1439 2720 1541 2792; x_wconf 88' lang='lat' dir='ltr'>letani</span> <span class='ocrx_word' id='word_1_101' title='bbox 1559 2720 1721 2800; x_wconf 88' lang='lat' dir='ltr'>obitum,</span> <span class='ocrx_word' id='word_1_102' title='bbox 1753 2737 1879 2793; x_wconf 82' lang='lat' dir='ltr'>etanta</span> <span class='ocrx_word' id='word_1_103' title='bbox 1900 2722 2104 2798; x_wconf 87' lang='lat' dir='ltr'>Maurorum</span> 
     </span>
     <span class='ocr_line' id='line_1_17' title="bbox 710 2816 2104 2912; baseline 0.001 -24"><span class='ocrx_word' id='word_1_104' title='bbox 710 2816 822 2898; x_wconf 71' lang='lat' dir='ltr'>rarius</span> <span class='ocrx_word' id='word_1_105' title='bbox 846 2818 879 2889; x_wconf 91' lang='lat' dir='ltr'>in</span> <span class='ocrx_word' id='word_1_106' title='bbox 900 2817 1169 2911; x_wconf 85' lang='lat' dir='ltr'>locupletissimo</span> <span class='ocrx_word' id='word_1_107' title='bbox 1179 2834 1321 2890; x_wconf 88' lang='lat' dir='ltr'>tractatu</span> <span class='ocrx_word' id='word_1_108' title='bbox 1331 2819 1373 2889; x_wconf 91' lang='lat' dir='ltr'>de</span> <span class='ocrx_word' id='word_1_109' title='bbox 1441 2817 1666 2910; x_wconf 85' lang='lat' dir='ltr'>irruptionem</span> <span class='ocrx_word' id='word_1_110' title='bbox 1683 2818 1715 2888; x_wconf 91' lang='lat' dir='ltr'>in</span> <span class='ocrx_word' id='word_1_111' title='bbox 1732 2816 1959 2910; x_wconf 77' lang='lat' dir='ltr'>Hispaniam,</span> <span class='ocrx_word' id='word_1_112' title='bbox 1986 2817 2104 2912; x_wconf 90' lang='lat' dir='ltr'>queri·</span> 
     </span>
     <span class='ocr_line' id='line_1_18' title="bbox 711 2910 2101 3009; baseline 0 -21"><span class='ocrx_word' id='word_1_113' title='bbox 711 2910 930 3005; x_wconf 77' lang='lat' dir='ltr'>immaculata</span> <span class='ocrx_word' id='word_1_114' title='bbox 944 2916 1291 3009; x_wconf 81' lang='lat' dir='ltr'>Conceptione&#39;c.35.</span> <span class='ocrx_word' id='word_1_115' title='bbox 1301 2938 1375 2987; x_wconf 90' lang='lat' dir='ltr'>nar·</span> <span class='ocrx_word' id='word_1_116' title='bbox 1442 2934 1592 3009; x_wconf 89' lang='lat' dir='ltr'>turque,</span> <span class='ocrx_word' id='word_1_117' title='bbox 1619 2916 1794 2988; x_wconf 88' lang='lat' dir='ltr'>Tolosates</span> <span class='ocrx_word' id='word_1_118' title='bbox 1825 2916 1858 2988; x_wconf 89' lang='lat' dir='ltr'>iu</span> <span class='ocrx_word' id='word_1_119' title='bbox 1885 2918 1986 3001; x_wconf 84' lang='lat' dir='ltr'>huius</span> <span class='ocrx_word' id='word_1_120' title='bbox 2003 2913 2101 2988; x_wconf 79' lang='lat' dir='ltr'>beati</span> 
     </span>
     <span class='ocr_line' id='line_1_19' title="bbox 710 3012 2107 3109; baseline -0.002 -19"><span class='ocrx_word' id='word_1_121' title='bbox 710 3012 877 3094; x_wconf 78' lang='lat' dir='ltr'>rationem</span> <span class='ocrx_word' id='word_1_122' title='bbox 894 3016 1074 3088; x_wconf 82' lang='lat' dir='ltr'>Tri&#39;themii</span> <span class='ocrx_word' id='word_1_123' title='bbox 1085 3014 1238 3089; x_wconf 81' lang='lat' dir='ltr'>falsitatis</span> <span class='ocrx_word' id='word_1_124' title='bbox 1249 3018 1376 3109; x_wconf 83' lang='lat' dir='ltr'>arguit,</span> <span class='ocrx_word' id='word_1_125' title='bbox 1441 3015 1493 3099; x_wconf 77' lang='lat' dir='ltr'>aui</span> <span class='ocrx_word' id='word_1_126' title='bbox 1512 3013 2107 3109; x_wconf 46' lang='grc'>(3333133131333333331333313333</span> 
     </span>
     <span class='ocr_line' id='line_1_20' title="bbox 711 3111 2105 3209; baseline 0.002 -27"><span class='ocrx_word' id='word_1_127' title='bbox 711 3129 904 3209; x_wconf 53' lang='lat' dir='ltr'>:oramque</span> <span class='ocrx_word' id='word_1_128' title='bbox 915 3114 1091 3189; x_wconf 82' lang='lat' dir='ltr'>historiam</span> <span class='ocrx_word' id='word_1_129' title='bbox 1103 3114 1174 3206; x_wconf 85' lang='lat' dir='ltr'>ipse</span> <span class='ocrx_word' id='word_1_130' title='bbox 1190 3112 1383 3197; x_wconf 67' lang='grc'>33313333-</span> <span class='ocrx_word' id='word_1_131' title='bbox 1444 3132 1541 3187; x_wconf 88' lang='lat' dir='ltr'>tenus</span> <span class='ocrx_word' id='word_1_132' title='bbox 1576 3111 1761 3208; x_wconf 79' lang='lat' dir='ltr'>diligenter</span> <span class='ocrx_word' id='word_1_133' title='bbox 1777 3139 1842 3187; x_wconf 85' lang='lat' dir='ltr'>non</span> <span class='ocrx_word' id='word_1_134' title='bbox 1859 3112 2077 3209; x_wconf 84' lang='lat' dir='ltr'>inquisivisse</span> <span class='ocrx_word' id='word_1_135' title='bbox 2092 3159 2105 3185; x_wconf 87' lang='lat'>.</span> 
     </span>
     <span class='ocr_line' id='line_1_21' title="bbox 708 3209 2105 3308; baseline -0.004 -20"><span class='ocrx_word' id='word_1_136' title='bbox 708 3209 932 3303; x_wconf 78' lang='lat' dir='ltr'>dirorumque</span> <span class='ocrx_word' id='word_1_137' title='bbox 946 3213 1075 3294; x_wconf 86' lang='lat' dir='ltr'>iudicio</span> <span class='ocrx_word' id='word_1_138' title='bbox 1093 3213 1268 3305; x_wconf 88' lang='lat' dir='ltr'>relinquit,</span> <span class='ocrx_word' id='word_1_139' title='bbox 1279 3236 1379 3303; x_wconf 92' lang='lat' dir='ltr'>quam</span> <span class='ocrx_word' id='word_1_140' title='bbox 1444 3213 1559 3298; x_wconf 80' lang='lat' dir='ltr'>Nemo</span> <span class='ocrx_word' id='word_1_141' title='bbox 1586 3235 1651 3285; x_wconf 89' lang='lat' dir='ltr'>non</span> <span class='ocrx_word' id='word_1_142' title='bbox 1665 3213 1791 3297; x_wconf 85' lang='lat' dir='ltr'>videt,</span> <span class='ocrx_word' id='word_1_143' title='bbox 1817 3212 1941 3308; x_wconf 85' lang='lat' dir='ltr'>quibus</span> <span class='ocrx_word' id='word_1_144' title='bbox 1960 3211 2105 3285; x_wconf 80' lang='lat' dir='ltr'>neribus</span> 
     </span>
     <span class='ocr_line' id='line_1_22' title="bbox 709 3306 2105 3387; baseline 0.002 -7"><span class='ocrx_word' id='word_1_145' title='bbox 709 3306 835 3384; x_wconf 79' lang='lat' dir='ltr'>deinde</span> <span class='ocrx_word' id='word_1_146' title='bbox 874 3308 932 3380; x_wconf 89' lang='lat' dir='ltr'>alii</span> <span class='ocrx_word' id='word_1_147' title='bbox 955 3310 1096 3382; x_wconf 64' lang='lat' dir='ltr'>‘facilius</span> <span class='ocrx_word' id='word_1_148' title='bbox 1135 3309 1373 3381; x_wconf 89' lang='lat' dir='ltr'>admiserunt.</span> <span class='ocrx_word' id='word_1_149' title='bbox 1442 3329 1601 3387; x_wconf 80' lang='lat' dir='ltr'>contexta</span> <span class='ocrx_word' id='word_1_150' title='bbox 1626 3310 1669 3380; x_wconf 89' lang='lat' dir='ltr'>sit</span> <span class='ocrx_word' id='word_1_151' title='bbox 1686 3315 1767 3383; x_wconf 89' lang='lat' dir='ltr'>haec</span> <span class='ocrx_word' id='word_1_152' title='bbox 1783 3335 1939 3383; x_wconf 89' lang='lat' dir='ltr'>errorum</span> <span class='ocrx_word' id='word_1_153' title='bbox 1957 3328 2105 3383; x_wconf 84' lang='lat' dir='ltr'>catena.</span> 
     </span>
     <span class='ocr_line' id='line_1_23' title="bbox 709 3404 2105 3502; baseline 0 -22"><span class='ocrx_word' id='word_1_154' title='bbox 709 3404 849 3501; x_wconf 72' lang='lat' dir='ltr'>Allegat</span> <span class='ocrx_word' id='word_1_155' title='bbox 861 3407 1109 3482; x_wconf 80' lang='lat' dir='ltr'>bernardinum</span> <span class='ocrx_word' id='word_1_156' title='bbox 1142 3411 1184 3479; x_wconf 87' lang='lat' dir='ltr'>de</span> <span class='ocrx_word' id='word_1_157' title='bbox 1200 3408 1324 3479; x_wconf 85' lang='lat' dir='ltr'>Buatos</span> <span class='ocrx_word' id='word_1_158' title='bbox 1340 3405 1373 3478; x_wconf 91' lang='lat' dir='ltr'>in</span> <span class='ocrx_word' id='word_1_159' title='bbox 1441 3405 1577 3499; x_wconf 82' lang='lat' dir='ltr'>Aliquis</span> <span class='ocrx_word' id='word_1_160' title='bbox 1616 3410 1800 3481; x_wconf 86' lang='lat' dir='ltr'>memoriae</span> <span class='ocrx_word' id='word_1_161' title='bbox 1821 3408 1997 3502; x_wconf 88' lang='lat' dir='ltr'>prodidit,</span> <span class='ocrx_word' id='word_1_162' title='bbox 2012 3410 2045 3479; x_wconf 86' lang='lat' dir='ltr'>S.</span> <span class='ocrx_word' id='word_1_163' title='bbox 2059 3406 2105 3480; x_wconf 91' lang='grc'>11·</span> 
     </span>
     <span class='ocr_line' id='line_1_24' title="bbox 706 3503 2103 3598; baseline -0.002 -20"><span class='ocrx_word' id='word_1_164' title='bbox 706 3504 825 3578; x_wconf 79' lang='lat' dir='ltr'>officio</span> <span class='ocrx_word' id='word_1_165' title='bbox 853 3506 1107 3598; x_wconf 76' lang='lat' dir='ltr'>conceptionis</span> <span class='ocrx_word' id='word_1_166' title='bbox 1137 3506 1280 3582; x_wconf 80' lang='lat' dir='ltr'>aSixto</span> <span class='ocrx_word' id='word_1_167' title='bbox 1306 3505 1373 3577; x_wconf 78' lang='lat' dir='ltr'>lv,</span> <span class='ocrx_word' id='word_1_168' title='bbox 1440 3503 1618 3588; x_wconf 79' lang='lat' dir='ltr'>delossum</span> <span class='ocrx_word' id='word_1_169' title='bbox 1659 3506 1863 3580; x_wconf 83' lang='lat' dir='ltr'>Toletanum</span> <span class='ocrx_word' id='word_1_170' title='bbox 1900 3504 2103 3580; x_wconf 77' lang='lat' dir='ltr'>Antistitem</span> 
     </span>
     <span class='ocr_line' id='line_1_25' title="bbox 708 3602 2105 3700; baseline -0.004 -24"><span class='ocrx_word' id='word_1_171' title='bbox 708 3606 1376 3696; x_wconf 76' lang='lat' dir='ltr'>approbatonarrantemdeBeatoGun·</span> <span class='ocrx_word' id='word_1_172' title='bbox 1438 3602 2105 3700; x_wconf 79' lang='lat' dir='ltr'>festumConceptionisDeiparae(sci·&#39;</span> 
     </span>
     <span class='ocr_line' id='line_1_26' title="bbox 707 3700 2101 3798; baseline 0.001 -24"><span class='ocrx_word' id='word_1_173' title='bbox 707 3700 842 3775; x_wconf 82' lang='lat' dir='ltr'>dialavo</span> <span class='ocrx_word' id='word_1_174' title='bbox 871 3704 1146 3798; x_wconf 79' lang='lat' dir='ltr'>Archiepiscopo</span> <span class='ocrx_word' id='word_1_175' title='bbox 1176 3705 1371 3790; x_wconf 77' lang='lat' dir='ltr'>Tolosam,</span> <span class='ocrx_word' id='word_1_176' title='bbox 1438 3701 1517 3779; x_wconf 87' lang='lat' dir='ltr'>licet</span> <span class='ocrx_word' id='word_1_177' title='bbox 1532 3705 1814 3789; x_wconf 82' lang='lat' dir='ltr'>Annuntiationis</span> <span class='ocrx_word' id='word_1_178' title='bbox 1829 3714 1843 3786; x_wconf 90' lang='grc'>)</span> <span class='ocrx_word' id='word_1_179' title='bbox 1858 3702 2101 3781; x_wconf 85' lang='lat' dir='ltr'>celebrandum</span> 
     </span>
     <span class='ocr_line' id='line_1_27' title="bbox 706 3799 2101 3903; baseline 0.004 -32"><span class='ocrx_word' id='word_1_180' title='bbox 706 3804 799 3894; x_wconf 79' lang='lat' dir='ltr'>quod</span> <span class='ocrx_word' id='word_1_181' title='bbox 827 3804 1000 3877; x_wconf 80' lang='lat' dir='ltr'>ordinavit</span> <span class='ocrx_word' id='word_1_182' title='bbox 1040 3802 1164 3891; x_wconf 76' lang='lat' dir='ltr'>fertum</span> <span class='ocrx_word' id='word_1_183' title='bbox 1182 3807 1372 3903; x_wconf 82' lang='lat' dir='ltr'>conceptio·</span> <span class='ocrx_word' id='word_1_184' title='bbox 1436 3804 1654 3895; x_wconf 87' lang='lat' dir='ltr'>proposuisse</span> <span class='ocrx_word' id='word_1_185' title='bbox 1688 3805 1744 3878; x_wconf 93' lang='lat' dir='ltr'>die</span> <span class='ocrx_word' id='word_1_186' title='bbox 1779 3808 1836 3878; x_wconf 87' lang='lat'>18.</span> <span class='ocrx_word' id='word_1_187' title='bbox 1867 3799 2101 3876; x_wconf 81' lang='lat' dir='ltr'>Decembris.</span> 
     </span>
     <span class='ocr_line' id='line_1_28' title="bbox 705 3895 2102 3999; baseline 0.004 -31"><span class='ocrx_word' id='word_1_188' title='bbox 705 3895 760 3968; x_wconf 75' lang='lat' dir='ltr'>ais</span> <span class='ocrx_word' id='word_1_189' title='bbox 769 3908 832 3993; x_wconf 85' lang='lat' dir='ltr'>per</span> <span class='ocrx_word' id='word_1_190' title='bbox 845 3918 949 3976; x_wconf 81' lang='lat' dir='ltr'>rotam</span> <span class='ocrx_word' id='word_1_191' title='bbox 966 3905 1165 3999; x_wconf 77' lang='lat' dir='ltr'>Hispaniam</span> <span class='ocrx_word' id='word_1_192' title='bbox 1178 3903 1372 3975; x_wconf 80' lang='lat' dir='ltr'>solemniter</span> <span class='ocrx_word' id='word_1_193' title='bbox 1435 3900 1535 3974; x_wconf 75' lang='lat' dir='ltr'>Alius</span> <span class='ocrx_word' id='word_1_194' title='bbox 1550 3905 1714 3993; x_wconf 72' lang='lat' dir='ltr'>ambiguo</span> <span class='ocrx_word' id='word_1_195' title='bbox 1740 3903 1875 3975; x_wconf 89' lang='lat' dir='ltr'>nomine</span> <span class='ocrx_word' id='word_1_196' title='bbox 1891 3897 2030 3971; x_wconf 88' lang='lat' dir='ltr'>delusus</span> <span class='ocrx_word' id='word_1_197' title='bbox 2043 3901 2102 3974; x_wconf 91' lang='lat' dir='ltr'>ad·</span> 
     </span>
     <span class='ocr_line' id='line_1_29' title="bbox 705 3992 2100 4095; baseline 0.002 -25"><span class='ocrx_word' id='word_1_198' title='bbox 705 3992 870 4074; x_wconf 70' lang='lat' dir='ltr'>celebrare·</span> <span class='ocrx_word' id='word_1_199' title='bbox 894 4048 906 4071; x_wconf 90' lang='lat'>.</span> <span class='ocrx_word' id='word_1_200' title='bbox 936 4002 1105 4095; x_wconf 78' lang='lat' dir='ltr'>Adiungit</span> <span class='ocrx_word' id='word_1_201' title='bbox 1132 4001 1367 4074; x_wconf 87' lang='lat' dir='ltr'>testimonium</span> <span class='ocrx_word' id='word_1_202' title='bbox 1436 3997 1552 4084; x_wconf 87' lang='lat' dir='ltr'>didit,</span> <span class='ocrx_word' id='word_1_203' title='bbox 1571 4001 1828 4072; x_wconf 82' lang='lat' dir='ltr'>S.lldefonsum</span> <span class='ocrx_word' id='word_1_204' title='bbox 1855 4002 1895 4070; x_wconf 93' lang='lat' dir='ltr'>ad</span> <span class='ocrx_word' id='word_1_205' title='bbox 1927 3994 2017 4070; x_wconf 88' lang='lat' dir='ltr'>diem</span> <span class='ocrx_word' id='word_1_206' title='bbox 2035 3998 2100 4074; x_wconf 85' lang='lat' dir='ltr'>Vl.</span> 
     </span>
     <span class='ocr_line' id='line_1_30' title="bbox 703 4089 2099 4193; baseline 0.001 -22"><span class='ocrx_word' id='word_1_207' title='bbox 703 4089 855 4171; x_wconf 68' lang='lat' dir='ltr'>Petram</span> <span class='ocrx_word' id='word_1_208' title='bbox 870 4099 1131 4172; x_wconf 82' lang='lat' dir='ltr'>aThemesvvar</span> <span class='ocrx_word' id='word_1_209' title='bbox 1159 4094 1266 4193; x_wconf 82' lang='lat' dir='ltr'>lib.4.</span> <span class='ocrx_word' id='word_1_210' title='bbox 1281 4098 1368 4171; x_wconf 83' lang='lat' dir='ltr'>Stel·</span> <span class='ocrx_word' id='word_1_211' title='bbox 1435 4096 1510 4169; x_wconf 90' lang='lat' dir='ltr'>idus</span> <span class='ocrx_word' id='word_1_212' title='bbox 1539 4099 1742 4171; x_wconf 88' lang='lat' dir='ltr'>Decembris</span> <span class='ocrx_word' id='word_1_213' title='bbox 1767 4096 1951 4171; x_wconf 82' lang='lat' dir='ltr'>instituisse</span> <span class='ocrx_word' id='word_1_214' title='bbox 1973 4097 2099 4172; x_wconf 85' lang='lat' dir='ltr'>festum</span> 
     </span>
     <span class='ocr_line' id='line_1_31' title="bbox 705 4186 2099 4293; baseline 0.004 -29"><span class='ocrx_word' id='word_1_215' title='bbox 705 4186 789 4264; x_wconf 76' lang='lat' dir='ltr'>loris·</span> <span class='ocrx_word' id='word_1_216' title='bbox 808 4208 936 4290; x_wconf 74' lang='lat' dir='ltr'>parm.</span> <span class='ocrx_word' id='word_1_217' title='bbox 951 4212 1015 4268; x_wconf 80' lang='grc'>333.</span> <span class='ocrx_word' id='word_1_218' title='bbox 1021 4220 1053 4286; x_wconf 90' lang='lat'>3.</span> <span class='ocrx_word' id='word_1_219' title='bbox 1068 4246 1081 4280; x_wconf 92' lang='lat'>,</span> <span class='ocrx_word' id='word_1_220' title='bbox 1095 4198 1153 4289; x_wconf 88' lang='lat' dir='ltr'>qui</span> <span class='ocrx_word' id='word_1_221' title='bbox 1172 4216 1365 4281; x_wconf 88' lang='lat' dir='ltr'>memorat,</span> <span class='ocrx_word' id='word_1_222' title='bbox 1435 4195 1713 4288; x_wconf 83' lang='lat' dir='ltr'>Conceptionis,</span> <span class='ocrx_word' id='word_1_223' title='bbox 1747 4223 1813 4293; x_wconf 88' lang='lat' dir='ltr'>qua</span> <span class='ocrx_word' id='word_1_224' title='bbox 1831 4220 1953 4289; x_wconf 85' lang='lat' dir='ltr'>nempe</span> <span class='ocrx_word' id='word_1_225' title='bbox 1971 4196 2099 4270; x_wconf 65' lang='lat' dir='ltr'>nvis-</span> 
     </span>
     <span class='ocr_line' id='line_1_32' title="bbox 701 4286 2099 4392; baseline 0.006 -31"><span class='ocrx_word' id='word_1_226' title='bbox 701 4286 959 4378; x_wconf 73' lang='lat' dir='ltr'>B.lldefonso,</span> <span class='ocrx_word' id='word_1_227' title='bbox 996 4319 1097 4387; x_wconf 86' lang='lat' dir='ltr'>quem</span> <span class='ocrx_word' id='word_1_228' title='bbox 1127 4296 1371 4392; x_wconf 57' lang='lat' dir='ltr'>..archiepisco-</span> <span class='ocrx_word' id='word_1_229' title='bbox 1435 4318 1481 4391; x_wconf 82' lang='lat' dir='ltr'>go</span> <span class='ocrx_word' id='word_1_230' title='bbox 1497 4293 1689 4368; x_wconf 86' lang='lat' dir='ltr'>Mariasine</span> <span class='ocrx_word' id='word_1_231' title='bbox 1705 4297 1837 4372; x_wconf 85' lang='lat' dir='ltr'>macula</span> <span class='ocrx_word' id='word_1_232' title='bbox 1853 4314 2017 4390; x_wconf 88' lang='lat' dir='ltr'>concepta</span> <span class='ocrx_word' id='word_1_233' title='bbox 2033 4310 2099 4370; x_wconf 78' lang='lat' dir='ltr'>est·</span> 
     </span>
     <span class='ocr_line' id='line_1_33' title="bbox 701 4392 2096 4487; baseline 0.002 -25"><span class='ocrx_word' id='word_1_234' title='bbox 701 4401 785 4487; x_wconf 69' lang='lat' dir='ltr'>poor</span> <span class='ocrx_word' id='word_1_235' title='bbox 802 4392 997 4468; x_wconf 74' lang='lat' dir='ltr'>Tolosanum</span> <span class='ocrx_word' id='word_1_236' title='bbox 1027 4392 1204 4486; x_wconf 89' lang='lat' dir='ltr'>appellat,</span> <span class='ocrx_word' id='word_1_237' title='bbox 1234 4395 1369 4487; x_wconf 89' lang='lat' dir='ltr'>Deipa·</span> <span class='ocrx_word' id='word_1_238' title='bbox 1435 4392 1535 4477; x_wconf 78' lang='lat' dir='ltr'>Alius</span> <span class='ocrx_word' id='word_1_239' title='bbox 1562 4418 1605 4467; x_wconf 85' lang='lat' dir='ltr'>ex</span> <span class='ocrx_word' id='word_1_240' title='bbox 1631 4395 1805 4470; x_wconf 82' lang='lat' dir='ltr'>ildefonso</span> <span class='ocrx_word' id='word_1_241' title='bbox 1831 4397 1999 4469; x_wconf 87' lang='lat' dir='ltr'>Toletano</span> <span class='ocrx_word' id='word_1_242' title='bbox 2013 4392 2096 4481; x_wconf 77' lang='lat' dir='ltr'>fecit¹</span> 
     </span>
     <span class='ocr_line' id='line_1_34' title="bbox 706 4487 2095 4587; baseline -0.002 -23"><span class='ocrx_word' id='word_1_243' title='bbox 706 4508 778 4564; x_wconf 80' lang='lat' dir='ltr'>tam</span> <span class='ocrx_word' id='word_1_244' title='bbox 804 4491 1129 4587; x_wconf 77' lang='lat' dir='ltr'>seconspiciendam</span> <span class='ocrx_word' id='word_1_245' title='bbox 1145 4493 1367 4585; x_wconf 84' lang='lat' dir='ltr'>praebuisse,</span> <span class='ocrx_word' id='word_1_246' title='bbox 1436 4493 1643 4568; x_wconf 86' lang='lat' dir='ltr'>Ildefonsum</span> <span class='ocrx_word' id='word_1_247' title='bbox 1673 4496 1882 4572; x_wconf 86' lang='lat' dir='ltr'>Tolosanum</span> <span class='ocrx_word' id='word_1_248' title='bbox 1911 4487 2095 4582; x_wconf 78' lang='grc'>1133131331-</span> 
     </span>
     <span class='ocr_line' id='line_1_35' title="bbox 706 4590 2095 4689; baseline 0.006 -29"><span class='ocrx_word' id='word_1_249' title='bbox 706 4590 1234 4689; x_wconf 62' lang='lat' dir='ltr'>tramisitqueeideminquit,</span> <span class='ocrx_word' id='word_1_250' title='bbox 1261 4607 1368 4665; x_wconf 80' lang='lat' dir='ltr'>utre·</span> <span class='ocrx_word' id='word_1_251' title='bbox 1434 4615 1602 4687; x_wconf 73' lang='lat' dir='ltr'>scopum.</span> <span class='ocrx_word' id='word_1_252' title='bbox 1632 4593 1709 4668; x_wconf 86' lang='lat' dir='ltr'>Nee</span> <span class='ocrx_word' id='word_1_253' title='bbox 1747 4597 1856 4671; x_wconf 86' lang='lat' dir='ltr'>defuit</span> <span class='ocrx_word' id='word_1_254' title='bbox 1893 4608 2095 4683; x_wconf 75' lang='lat' dir='ltr'>postremo»</span> 
     </span>
     <span class='ocr_line' id='line_1_36' title="bbox 705 4679 2093 4790; baseline 0.003 -36"><span class='ocrx_word' id='word_1_255' title='bbox 705 4679 1369 4790; x_wconf 67' lang='grc'>1363333333333313313333313333333313·</span> <span class='ocrx_word' id='word_1_256' title='bbox 1434 4690 1494 4787; x_wconf 79' lang='lat' dir='ltr'>qui</span> <span class='ocrx_word' id='word_1_257' title='bbox 1544 4716 1609 4786; x_wconf 92' lang='lat' dir='ltr'>pro</span> <span class='ocrx_word' id='word_1_258' title='bbox 1638 4694 1810 4768; x_wconf 85' lang='lat' dir='ltr'>lldefonso</span> <span class='ocrx_word' id='word_1_259' title='bbox 1840 4684 2093 4764; x_wconf 88' lang='lat' dir='ltr'>Gundisalvum</span> 
     </span>
     <span class='ocr_line' id='line_1_37' title="bbox 704 4780 2095 4894; baseline 0.006 -41"><span class='ocrx_word' id='word_1_260' title='bbox 704 4780 882 4894; x_wconf 71' lang='grc'>1133333.</span> <span class='ocrx_word' id='word_1_261' title='bbox 917 4789 969 4861; x_wconf 80' lang='lat' dir='ltr'>Ex</span> <span class='ocrx_word' id='word_1_262' title='bbox 987 4815 1058 4882; x_wconf 88' lang='lat' dir='ltr'>quo</span> <span class='ocrx_word' id='word_1_263' title='bbox 1086 4790 1370 4886; x_wconf 77' lang='lat' dir='ltr'>colligitSalaaa·</span> <span class='ocrx_word' id='word_1_264' title='bbox 1437 4792 1638 4887; x_wconf 84' lang='lat' dir='ltr'>scripserit.</span> <span class='ocrx_word' id='word_1_265' title='bbox 1667 4793 1827 4864; x_wconf 88' lang='lat' dir='ltr'>Fabulam</span> <span class='ocrx_word' id='word_1_266' title='bbox 1858 4788 2021 4858; x_wconf 90' lang='lat' dir='ltr'>odoratus</span> <span class='ocrx_word' id='word_1_267' title='bbox 2041 4802 2095 4861; x_wconf 84' lang='lat' dir='ltr'>est</span> 
     </span>
     <span class='ocr_line' id='line_1_38' title="bbox 700 4878 2093 4986; baseline 0.002 -28"><span class='ocrx_word' id='word_1_268' title='bbox 700 4897 777 4958; x_wconf 67' lang='grc'>11111</span> <span class='ocrx_word' id='word_1_269' title='bbox 802 4929 815 4965; x_wconf 88' lang='grc'><em>,</em></span> <span class='ocrx_word' id='word_1_270' title='bbox 837 4907 943 4964; x_wconf 88' lang='lat' dir='ltr'>unum</span> <span class='ocrx_word' id='word_1_271' title='bbox 968 4934 982 4967; x_wconf 86' lang='lat'>‚</span> <span class='ocrx_word' id='word_1_272' title='bbox 1007 4892 1222 4982; x_wconf 89' lang='lat' dir='ltr'>eundemque</span> <span class='ocrx_word' id='word_1_273' title='bbox 1263 4890 1369 4963; x_wconf 80' lang='lat' dir='ltr'>fuisse</span> <span class='ocrx_word' id='word_1_274' title='bbox 1435 4887 1691 4971; x_wconf 70' lang='grc' dir='ltr'>13333331Ιί33,</span> <span class='ocrx_word' id='word_1_275' title='bbox 1709 4913 1820 4986; x_wconf 3' lang='lat' dir='ltr'>‘quem</span> <span class='ocrx_word' id='word_1_276' title='bbox 1842 4908 1952 4977; x_wconf 88' lang='lat' dir='ltr'>nuper</span> <span class='ocrx_word' id='word_1_277' title='bbox 1968 4878 2093 4961; x_wconf 81' lang='lat' dir='ltr'>evivit</span> 
     </span>
     <span class='ocr_line' id='line_1_39' title="bbox 703 4976 2094 5091; baseline 0.014 -38"><span class='ocrx_word' id='word_1_278' title='bbox 703 4976 1017 5091; x_wconf 43' lang='lat' dir='ltr'>§anteprosopon</span> <span class='ocrx_word' id='word_1_279' title='bbox 1048 4985 1283 5076; x_wconf 80' lang='lat' dir='ltr'>Tolosanum,</span> <span class='ocrx_word' id='word_1_280' title='bbox 1309 4990 1373 5083; x_wconf 73' lang='lat' dir='ltr'>qui</span> <span class='ocrx_word' id='word_1_281' title='bbox 1414 5008 1594 5084; x_wconf 61' lang='lat' dir='ltr'>,ereptum</span> <span class='ocrx_word' id='word_1_282' title='bbox 1611 4986 1766 5058; x_wconf 80' lang='lat' dir='ltr'>litterati</span> <span class='ocrx_word' id='word_1_283' title='bbox 1783 4983 1858 5085; x_wconf 83' lang='lat' dir='ltr'>Itali</span> <span class='ocrx_word' id='word_1_284' title='bbox 1875 4985 2094 5086; x_wconf 66' lang='lat' dir='ltr'>dolentmoi</span> 
     </span>
     <span class='ocr_line' id='line_1_40' title="bbox 704 5078 2097 5186; baseline 0.004 -30"><span class='ocrx_word' id='word_1_285' title='bbox 704 5095 742 5147; x_wconf 79' lang='lat' dir='ltr'>ln</span> <span class='ocrx_word' id='word_1_286' title='bbox 770 5078 933 5177; x_wconf 86' lang='lat' dir='ltr'>Hispania</span> <span class='ocrx_word' id='word_1_287' title='bbox 968 5081 1094 5156; x_wconf 84' lang='lat' dir='ltr'>festum</span> <span class='ocrx_word' id='word_1_288' title='bbox 1125 5084 1375 5179; x_wconf 81' lang='lat' dir='ltr'>conceptionis</span> <span class='ocrx_word' id='word_1_289' title='bbox 1439 5082 2097 5186; x_wconf 49' lang='grc'>1311331133131333333.1113333333)</span> 
     </span>
    </p>
   </div>
   <div class='ocr_carea' id='block_1_5' title="bbox 0 0 2546 6234">
    <p class='ocr_par' dir='ltr' id='par_1_5' title="bbox 0 0 2546 6234">
     <span class='ocr_line' id='line_1_41' title="bbox 0 0 2546 6234; baseline 0 7"><span class='ocrx_word' id='word_1_290' title='bbox 0 0 2546 6234; x_wconf 95' lang='lat' dir='ltr'> </span> 
     </span>
    </p>
   </div>
  </div>
 </body>
</html>
