5084 6234
1545 844 3194 968 ·Qul-GNON1ANOM
3616 883 3788 975 425

1015 1019 1178 1079 mm
1253 994 1427 1131 (sic,
1428 992 1631 1077 enim
1660 995 1978 1107 vocant)
2011 994 2188 1079 novi
2219 990 2569 1078 breviarii
2637 993 2965 1078 Romani
2990 993 3138 1106 (ita
3165 989 3366 1077 enim
3417 994 3637 1079 babet
3658 998 3790 1081 in·-

1021 1112 1427 1226 scriptio)
1393 1144 1476 1196 m
1501 1142 1647 1226 quo
1673 1112 2002 1226 plurima
2042 1140 2221 1198 sunt
2255 1130 2616 1195 mutata.
2691 1111 2830 1194 .in
2863 1110 3105 1218 officio
3156 1142 3484 1227 namque
3511 1115 3786 1200 missae

1013 1260 1096 1314 tn
1141 1258 1473 1343 quatuor
1503 1231 2014 1345 temporibus,
2076 1230 2158 1311 in
2226 1231 2555 1313 Sabbato
2592 1255 2857 1312 sancto
2892 1289 2917 1327 ,
2990 1252 3068 1313 et
3124 1230 3384 1346 vigilia
3418 1232 3783 1319 Penteco⁴

1011 1369 1162 1433 stes
1200 1354 1365 1437 lect.
1367 1378 1542 1432 ones
1588 1375 1762 1429 omn
1773 1378 1908 1446 es
1958 1349 2233 1462 quibus
2267 1350 2630 1431 hactenus
2691 1375 2991 1460 semper
3046 1378 3185 1432 usa
3243 1375 3354 1432 est
3382 1350 3718 1437 Ecclesia
3749 1405 3782 1453 ,

1018 1492 1443 1601 expunctae
1475 1487 1692 1549 sunt:
1721 1466 1948 1549 unica
1980 1469 2134 1551 sola
2160 1463 2507 1565 lectione,
2537 1494 2669 1547 seu
2704 1464 3010 1579 epistola
3042 1467 3430 1581 superstite
3455 1527 3475 1550 .
3510 1470 3787 1555 Adbuc

1019 1583 1249 1669 etiam
1286 1584 1367 1667 in
1397 1584 1566 1667 aliis
1597 1586 1855 1668 diebus
1884 1614 2035 1668 non
2057 1614 2308 1698 pauca
2356 1601 2657 1667 mutata
2706 1611 2933 1668 sunt.
3008 1586 3397 1669 ‚Excusa
3428 1606 3603 1669 sunt
3633 1592 3787 1671 bu-

1018 1696 1350 1797 ἰιιειηοιίἱ
1370 1701 1709 1787 missalia
1744 1701 2108 1819 Lugduni
2153 1731 2185 1781 1
2206 1729 2252 1812 5
2265 1731 2395 1813 50.
2432 1700 2899 1816 elegantibus
2929 1702 3542 1788 characteribus.

1146 1852 1222 1935 5.
1291 1822 1731 1934 Quantum
1769 1820 2086 1906 novitas
2120 1817 2491 1907 breviarii
2528 1817 3109 1937 Quignoniani
3159 1819 3612 1935 placuerit,
3679 1851 3783 1913 ex

1025 1945 1149 2030 his
1200 1939 1638 2025 missalibus
1698 1937 2069 2051 arguitur
2102 1999 2130 2038 ,
2182 1936 2608 2048 multisque
2673 1938 2939 2025 verbis
2998 1963 3419 2074 exaggerat
3483 1941 3788 2029 Arzius

1023 2062 1204 2148 eod.
1188 2087 1444 2174 ..cap-
1517 2057 1709 2141 Cum
1729 2056 2065 2171 primum
2123 2083 2388 2141 exona
2451 2075 2569 2139 est
2600 2056 2785 2143 baec
2836 2055 3132 2143 novitas
3159 2119 3187 2157 ,
3249 2082 3594 2142 curatum
3677 2083 3794 2149 est·

1029 2183 1288 2267 saltem
1324 2178 1542 2264 verbo
1575 2204 1847 2274 tenus,
1877 2195 1968 2257 ut
2002 2174 2184 2259 solis
2213 2173 2802 2289 occupatissimis
2850 2174 3143 2261 clericis
3167 2176 3430 2262 liceret
3457 2179 3562 2261 ad
3587 2180 3792 2268 bunc

1025 2304 1331 2385 modum
1356 2295 1786 2432 psallere..
1866 2322 2110 2377 .mo.2·
2138 2294 2244 2375 ad
2274 2295 2565 2391 rudes,
2609 2321 2685 2379 et
2720 2290 2998 2379 otiosos
3027 2294 3429 2380 clericos.
3502 2298 3797 2381 ‚deri-

1022 2442 1280 2500 vatum
1322 2441 1435 2497 est
1491 2415 1630 2497 boc
1665 2353 2162 2495 institutum.
2220 2413 2352 2498 Ad
2412 2414 2823 2497 monachos
2853 2416 3218 2544 posthaec
3252 2413 3498 2527 (quod
3526 2399 3794 2499 dolen-

1021 2535 1203 2617 dum
1236 2531 1388 2644 est)
1410 2528 1814 2646 pervenit,
1864 2560 1992 2643 qut
1981 2528 2278 2628 ',clam
2308 2557 2386 2615 et
2401 2528 2696 2643 furtive
2749 2529 3011 2615 insciis
3039 2530 3408 2615 Praelatis
3458 2532 3800 2667 propriis

1023 2654 1208 2738 baec
1245 2650 1868 2734 meditabantur.
1925 2647 2297 2756 Quamvis
2322 2649 2523 2735 bac
2491 2679 2579 2733 tn
2609 2679 2693 2734 re
2719 2651 2853 2765 (ιιι
2879 2647 3160 2762 audio)
3176 2648 3573 2767 diligentia
3608 2683 3793 2738 suo-

1022 2796 1196 2856 rum
1265 2766 1800 2903 superiorum,
1838 2796 1907 2848 et
1961 2766 2279 2880 provida
2354 2797 2535 2855 cura
2565 2768 2781 2883 (cum
2825 2767 3229 2854 imminens
3286 2768 3571 2852 malum
3603 2769 3788 2883 jam

1008 2887 1184 3004 jam
1208 2887 1498 3004 propia.
1487 2915 1526 2970 3
1560 2882 2026 3000 spectarent)
2062 2882 2511 2994 sufficienter
2565 2908 2875 2973 cautum
2906 2913 3082 2987 est,
3120 2917 3220 2972 ne
3251 2885 3578 2999 amplius
3607 2892 3799 2974 baec

1008 3006 1281 3124 fiant...
1327 3026 1401 3088 et
1429 3034 1621 3117 quae
1639 3002 1861 3113 fizcta
1895 3022 2133 3099 sunt,
2185 3004 2479 3142 penitus
2502 3032 3001 3091 revocentur.
3055 2949 3418 3118 Demque
3450 3022 3524 3088 et
3558 3008 3793 3090 Prae-

1015 3124 1162 3209 lati
1189 3124 1433 3236 (quod
1491 3140 1609 3204 est
1636 3118 1972 3206 omnium
2019 3120 2616 3234 gravissimum)
2639 3124 2829 3208 baec
2877 3148 3395 3238 usurparunt.
3433 3152 3589 3209 non
3620 3125 3801 3210 sine

1037 3240 1401 3327 scandalo
1464 3238 1767 3372 piorum
1811 3297 1840 3340 ,
1893 3260 1966 3319 et
1999 3237 2462 3350 offendiculo
2511 3240 3041 3325 subditorum.
3086 3242 3419 3325 Tandem
3452 3242 3800 3329 omnibus

1017 3354 1235 3472 ,ἢκ-ιιι
1268 3380 1391 3441 ε3ι
1429 3354 1644 3471 copia
1676 3355 2047 3440 recitandi
2074 3354 2325 3475 juxta
2348 3361 2549 3445 bunc
2573 3387 2917 3443 morem.
2986 3358 3147 3468 Qui
3207 3358 3430 3444 initio
3466 3362 3783 3446 Romam

1026 3476 1423 3566 mittebant
1472 3505 1618 3590 pro
1642 3473 1908 3560 litteris
1937 3466 2418 3611 Pontificiis,
2467 3498 2557 3561 ut
2582 3480 2769 3561 baec
2831 3475 2980 3564 sibi
3014 3478 3386 3578 licerent,
3443 3506 3631 3563 mox
3645 3508 3790 3598 per

1031 3596 1371 3715 Legatos
1423 3655 1452 3691 ,
1510 3622 1586 3676 et
1620 3592 1971 3681 Nuneios
1989 3591 2462 3705 Apostolicos
2492 3616 2835 3710 coeptum
2878 3617 2990 3680 est
3022 3581 3501 3713 dispensari,
3535 3622 3793 3683 extre·

1032 3742 1161 3799 mo
1189 3716 1349 3798 loco
1404 3712 1511 3794 ad
1573 3712 1871 3811 bullas,
1928 3730 2003 3794 et
2056 3709 2569 3831 indulgentias
2616 3713 3059 3831 Pontificias
3120 3744 3241 3799 res
3293 3714 3554 3797 delata
3616 3742 3788 3802 est.

1031 3831 1378 3941 Quarum
1415 3859 1570 3914 una
1602 3853 1717 3912 est
1746 3829 2139 3928 clausula,
2168 3856 2256 3914 ut
2282 3853 2610 3933 vocant,
2644 3852 2735 3914 ut
2756 3833 3000 3946 possit
3032 3832 3200 3947 quis
3228 3829 3366 3916 tali
3392 3857 3587 3916 novo
3617 3837 3791 3918 bre·-

1031 3948 1272 4040 viario
1300 3947 1469 4031 uti.
1541 3948 1710 4032 .Ut
1756 3946 1950 4030 nibil
1999 3945 2123 4031 bic
2149 3949 2394 4034 dicam
2466 3952 2560 4034 de
2597 3948 2975 4084 corruptis
3037 3980 3287 4071 nuper
3304 3950 3790 4037 diurnalibus

1036 4066 1457 4167 Romanis,
1513 4064 1644 4182 qui
1667 4065 1910 4151 instar
1938 4062 2294 4151 breviarii
2333 4068 2518 4153 novi
2563 4066 2746 4151 editi
2775 4092 3015 4152 sunt.

1155 4186 1240 4269 6.
1305 4183 1571 4295 Quod
1607 4185 1711 4270 ab
1745 4181 1918 4269 aliis
1951 4182 2151 4267 male
2186 4185 2558 4272 habitum
2585 4185 2829 4272 fuerit
2885 4186 3376 4274 breviarium
3422 4220 3735 4279 novum
3764 4253 3795 4294 ,

1033 4331 1139 4391 ex
1195 4331 1370 4418 cap.
1434 4303 1620 4387 XV.
1686 4301 2112 4389 conficitur
2169 4366 2192 4388 .
2264 4300 2682 4390 Dissidium
2744 4304 3544 4423 caesaraugustanum
3599 4309 3796 4393 inter

1027 4424 1380 4524 elerum,
1435 4447 1515 4505 et
1526 4421 1893 4538 populum
1930 4420 2322 4507 occasione
2349 4422 2707 4508 dimimui
2759 4424 2991 4532 officii
3018 4430 3261 4543 (quod
3287 4453 3557 4513 vocant
3586 4447 3805 4513 tene-

1029 4542 1389 4651 brarum)
1416 4559 1791 4623 noverunt
1825 4537 2166 4673 Hispani
2213 4570 2541 4643 omnes,
2587 4563 2663 4627 ει
2695 4545 2897 4659 quod
2938 4517 3413 4655 infremuerit
3457 4546 3799 4710 populus

1028 4656 1118 4742 in
1152 4657 1474 4744 clerum.
1502 4684 1571 4742 et
1623 4685 1711 4743 eo
1739 4653 1993 4744 reh'cto
2020 4653 2532 4798 confliget-int
2538 4690 2798 4746 omnes
2840 4662 2947 4743 ad
2973 4663 3484 4748 monachos.
3514 4664 3798 4760 ..Ad-

1033 4778 1197 4877 de,
1253 4777 1464 4911 quod
1518 4776 1860 4863 ridiculis
1920 4775 2191 4890 ubique
2237 4779 2734 4882 nominibus,
2781 4799 2867 4862 et
2924 4776 3350 4889 infamibus
3376 4779 3801 4869 traducitur

1034 4896 1179 4981 hoc
1206 4892 1767 4982 breviariumn
1798 4891 2144 4981 omnibus
2166 4895 2646 5033 regionibus,
2676 4923 2876 5033 quae
2908 4926 3054 5033 ego
3084 4897 3360 4985 honori
3390 4901 3599 5017 illius
3615 4929 3828 5037 par·-

1027 5011 1540 5104 oeuslu‘cnon
1567 5012 1965 5106 adscribo.
2016 5015 2230 5105 Nota
2261 5013 2674 5107 mansum
2729 5012 3220 5133 influpamh
3284 5041 3749 5137 napta-amu
3753 5073 3793 5125 ῃ

2766 5132 3088 5225 Hhh

3096 5161 4129 5541 fl}
