5084 6234
911 836 1456 930 HISPANICA

789 992 1006 1101 Poetquam
1028 1009 1158 1099 vapor
1186 981 1376 1070 diutinae

843 1100 1017 1190 Decoxit
1041 1126 1233 1188 exustum
1269 1099 1374 1184 latus
1401 1161 1416 1200 ‚

839 1226 929 1306 Hoc
955 1250 978 1305 e
1007 1244 1158 1303 catasta
1192 1214 1375 1314 iudicem
1467 1278 1469 1282 -

841 1334 1068 1453 Compellat
1090 1332 1218 1424 affatu
1251 1334 1391 1423 brevi.

783 1457 989 1546 Converte
1015 1478 1171 1570 partem
1200 1451 1382 1570 corporis

836 1573 941 1662 Satis
967 1600 1186 1661 crematam
1224 1571 1373 1691 jugiter
1405 1630 1422 1671 ,

841 1690 891 1776 Et
928 1690 993 1775 fac
1023 1691 1218 1805 periclum
1250 1750 1264 1790 ,
1294 1687 1400 1801 quid
1430 1710 1528 1775 tuus

840 1806 1057 1895 Vulcanus
1090 1810 1237 1896 ardens
1268 1804 1392 1922 ‘egerit
1423 1865 1435 1891 .
1496 1922 1535 2008 T

1565 1950 1582 2013 t
1615 1950 1641 2011 2

490 2082 645 2162 'crorum
656 2086 696 2158 ln
711 2081 799 2157 libro
813 2086 962 2170 ejusdem
985 2088 1152 2161 cathene-
1212 2085 1285 2158 trix
1297 2086 1410 2157 anima
1424 2083 1605 2157 nutritiam
1625 2097 1750 2169 exuat,
1769 2125 1785 2143 ·
1802 2089 1877 2159 tata

491 2191 589 2259 rinon
607 2189 960 2278 comprehenduntur.
974 2187 1093 2280 hymni
1110 2189 1152 2258 ad
1213 2198 1280 2252 een
1293 2204 1377 2255 voce
1397 2192 1504 2255 Deum
1521 2182 1750 2266 concelebret,
1767 2186 1796 2255 ti
1809 2209 1878 2261 ne·

492 2286 644 2363 diversos
675 2283 749 2353 anni
769 2284 915 2366 diee,et
940 2286 979 2353 ad
1000 2285 1150 2352 diuersae
1212 2280 1287 2349 ritis
1316 2285 1457 2375 nequit,
1488 2318 1506 2334 ·
1537 2281 1679 2373 Hymnis
1709 2285 1878 2354 continuet

493 2384 559 2453 diei
577 2380 761 2452 hocas.Hi
777 2398 852 2448 sunt
869 2378 986 2473 hymni
999 2380 1043 2455 ad
1058 2376 1146 2472 galli
1177 2467 1181 2472 Δ
1216 2376 1335 2456 dies,·
1362 2380 1526 2466 Nestor
1554 2375 1761 2461 allevaret,
1798 2382 1880 2477 quiet

489 2495 651 2556 cantum,
683 2478 729 2546 ad
742 2476 974 2558 Metuainum,
1000 2492 1077 2547 ante
1109 2479 1152 2545 ci·
1214 2473 1393 2547 Dominum
1427 2486 1548 2553 canu,
1567 2511 1584 2527 ·
1614 2481 1749 2568 Pugnet
1766 2493 1881 2548 contre

489 2574 567 2647 dnm
594 2620 605 2653 ‚
630 2588 705 2669 post
744 2570 853 2642 cibum
879 2621 890 2657 ,
918 2578 961 2645 ad
979 2574 1148 2645 incensum
1212 2569 1341 2643 hereses
1371 2620 1382 2654 ,
1410 2569 1615 2644 catholicam
1658 2574 1814 2647 discutiat
1844 2571 1882 2663 fi·

493 2674 586 2743 cerei
603 2686 702 2748 ,ante
717 2693 866 2741 sonrnum
882 2718 893 2752 ,
901 2672 1146 2758 ieiunantium,
1212 2671 1285 2740 dem
1300 2716 1312 2751 ,
1330 2707 1347 2724 ·
1364 2667 1539 2741 conculcet
1554 2693 1650 2741 secra
1669 2672 1821 2764 gentium
1838 2720 1849 2756 ,
1864 2714 1883 2733 ·

485 2770 759 2869 posticiariam,
786 2772 876 2839 omni
893 2772 1001 2853 hora,
1027 2773 1151 2842 inexe-
1219 2765 1341 2839 zaben
1371 2768 1555 2853 Romanis
1586 2766 1714 2855 inferat
1731 2770 1883 2853 idolis‚.·

488 2869 575 2962 quiis
605 2866 857 2953 defunctorum,
883 2871 926 2940 ad
951 2871 1035 2941 diem
1055 2876 1148 2940 Vm.
1216 2876 1356 2942 Carmen
1373 2865 1584 2960 Mertyribut
1597 2864 1789 2948 devoveat,
1808 2868 1881 2939 lain

488 2963 626 3036 Kalend.
652 2966 851 3045 lanuarias,
882 2970 925 3038 ad
954 2970 1039 3039 diem
1069 2968 1148 3065 Epi·
1215 2965 1270 3036 det
1296 2963 1495 3061 «Apostolos.
1532 2964 1590 3033 Cl.
1607 2964 1727 3036 Petrus
1757 2966 1883 3038 Garzia
1974 3042 1976 3046 ,

487 3062 661 3160 planiae.
691 3062 867 3153 Hymnum
903 3066 945 3133 ad
974 3064 1145 3139 incensum
1214 3064 1256 3130 de
1280 3060 1460 3131 laHuerte
1486 3059 1709 3132 Prudentium
1739 3061 1877 3151 hispano

491 3158 595 3229 Cerei
614 3157 698 3230 male
712 3156 848 3247 quidam
864 3157 1070 3238 inscribunt,
1086 3160 1148 3227 Ad
1221 3154 1371 3229 carmine
1404 3158 1547 3229 reddere
1565 3157 1596 3228 in
1625 3157 1738 3229 animo
1752 3161 1853 3231 habet
1871 3210 1884 3245 ‚

490 3258 655 3326 incensum
700 3255 793 3323 cerei
829 3255 1033 3349 paschalire
1067 3278 1147 3326 cum
1215 3255 1313 3339 cuiue
1332 3253 1500 3329 versionis
1515 3253 1690 3349 egregium
1707 3257 1882 3347 specimen

488 3352 614 3425 nonsit
631 3351 675 3422 ibi
692 3372 804 3422 sermo
819 3357 861 3422 de
889 3353 1003 3425 Cerco
1018 3360 1151 3447 pascha·
1213 3352 1287 3424 vidi
1304 3400 1315 3423 .
1348 3351 1498 3427 Praeivit
1517 3354 1712 3429 ludovicus
1729 3355 1817 3427 Diez
1835 3358 1879 3429 de

490 3449 514 3524 li
550 3498 562 3531 ‚
604 3452 662 3522 sed
689 3453 731 3520 de
758 3471 860 3522 cerco
895 3499 907 3532 ‚
951 3454 1007 3545 qui
1034 3452 1149 3545 quoti·
1219 3451 1883 3548 nuntiabitis·caesaraugustanuspoe-

490 3548 546 3619 die
587 3550 835 3620 accendebatur
875 3595 886 3629 ‚
934 3553 1154 3643 quemadmo·
1220 3566 1254 3618 ta
1293 3546 1400 3621 tetuli
1431 3548 1618 3642 superioria
1638 3590 1658 3620 .-
1682 3552 1877 3640 Optarem,

491 3647 572 3716 dum
626 3645 751 3716 Graeci
803 3647 942 3739 antiqui·
984 3648 1153 3718 habebant
1219 3661 1257 3716 ut
1284 3646 1405 3739 aliquia
1436 3669 1477 3717 ex
1518 3645 1662 3721 eruditio
1693 3646 1880 3737 Hispania,

490 3747 593 3813 etiam
641 3766 738 3814 tuum
780 3746 945 3838 hymnum
989 3742 1153 3836 vesperti·
1217 3739 1343 3833 quibua
1372 3767 1410 3815 ea
1438 3743 1668 3825 titiacultet,
1696 3744 1887 3836 tacripoex.

490 3863 598 3922 num,
623 3857 657 3911 et
673 3845 865 3936 hymnum,
888 3842 946 3934 qni
960 3841 1148 3924 dicebatur,
1218 3858 1271 3912 tae
1301 3840 1478 3913 Prudentii
1501 3862 1607 3932 opera
1636 3840 1724 3912 notis
1738 3840 1886 3914 illustra·

491 3958 570 4008 cum
620 3937 768 4029 primum
809 3939 951 4034 singulis
994 3939 1150 4012 noctibus
1217 3953 1250 4010 ta
1276 3939 1389 4011 denuo
1425 3936 1699 4032 ederetc-Quin
1725 3938 1880 4013 omnium

492 4032 610 4104 lumen
641 4035 847 4111 inferebatur
874 4087 885 4119 ,
913 4040 954 4110 de
981 4062 1050 4130 quo
1079 4037 1150 4130 agit
1216 4034 1450 4129 Hispanorum
1493 4036 1649 4129 antiquae
1701 4034 1879 4110 latinitatis

492 4130 529 4201 S.
544 4130 690 4205 basilius
708 4136 738 4205 in
756 4137 863 4207 Libro
881 4138 920 4208 de
933 4138 1058 4232 spiritu
1073 4144 1154 4208 San·
1217 4154 1396 4207 anctorum
1428 4132 1589 4208 collectio
1619 4158 1640 4207 e
1667 4133 1878 4209 nitidissimis

489 4227 639 4335 compe
655 4230 802 4323 Hymnit
819 4234 850 4305 in
865 4233 1154 4330 exequiisdefan·
1217 4229 1473 4306 Matriteneibus
1504 4230 1597 4327 typie
1630 4233 1770 4325 prodire
1795 4257 1882 4306 con·

491 4340 621 4397 aarum
645 4345 738 4399 extat
762 4354 866 4402 canon
880 4330 1033 4403 Concilii
1060 4330 1150 4402 tertii
1218 4327 1366 4419 spiritur
1389 4336 1404 4403 1
1430 4332 1573 4404 litterae
1604 4332 1781 4411 nationes,
1808 4330 1889 4423 qui«.

495 4422 665 4506 Toletani,
679 4428 771 4518 quod
789 4427 1041 4523 Religiosorunr
1063 4429 1153 4500 Cor·
1218 4427 1281 4498 bur
1294 4424 1391 4502 cordi
1418 4447 1468 4500 est
1493 4429 1724 4519 Hispanorum
1740 4426 1891 4519 ingeniis.
2020 4477 2023 4482 -

492 4544 579 4615 pora
592 4546 670 4594 cum
688 4523 852 4612 psalmis,
879 4546 913 4596 et
932 4527 1067 4622 hymnis
1083 4544 1153 4597 tan·
1218 4524 1388 4619 obloqui,
1406 4527 1643 4619 provocandae
1662 4546 1740 4597 tunc
1759 4542 1882 4607 essent,

495 4639 568 4693 tum
584 4620 764 4693 deferenda
777 4622 842 4693 sint
856 4626 897 4695 ad
917 4623 1152 4715 sepulchrum.
1218 4639 1257 4694 ut
1272 4626 1445 4718 aequalem
1464 4625 1554 4715 ipsae
1580 4622 1797 4715 divulgarent
1811 4622 1891 4696 colo

492 4720 743 4813 Argumentum
781 4720 1043 4815 llymnorum,
1091 4720 1151 4811 qui
1220 4719 1400 4794 lectionem
1443 4739 1598 4795 ueterum
1640 4720 1848 4811 scriptorum
1870 4754 1890 4805 ‚·

492 4835 552 4885 sue
569 4836 676 4890 aetate
695 4818 815 4890 confici
831 4820 1011 4900 solebant,
1043 4817 1152 4908 expli·
1220 4822 1280 4911 qui
1310 4842 1376 4890 non
1418 4817 1530 4890 tolum
1558 4817 1687 4895 litteras
1713 4817 1894 4894 Romanas:

491 4913 645 4986 caridem
666 4915 868 4989 Prudentius
894 4917 924 4988 in
945 4916 1154 5010 praefatione
1218 4913 1590 5003 olimilluttravetint,
1616 4920 1674 4992 ted
1688 4915 1788 4990 timul
1803 4940 1892 5008 eum„

489 5008 530 5077 ad
557 5010 695 5087 librum
713 5014 997 5092 Cathemerinon.
1030 5022 1154 5105 Pecca·
1217 5012 1347 5092 Latinie
1376 5014 1554 5111 indigenis
1570 5039 1711 5118 ¹magno
1745 5032 1899 5107 temper.
