5084 6234
601 863 686 953 4¹t
969 826 1601 916 recusantum

603 978 683 1058 rias
733 995 897 1088 preces,
927 1001 1030 1087 quas
1063 971 1283 1058 canonicas
1313 968 1435 1057 etism
1454 969 1729 1089 appellamus,
1758 991 1837 1057 tres
1850 972 1995 1057 omnia

602 1120 659 1177 no
675 1089 744 1207 (tr)
762 1115 904 1175 causac
922 1117 1118 1209 spectatae
1137 1089 1258 1176 luisse
1275 1086 1404 1179 videri
1421 1090 1551 1178 solent
1569 1152 1579 1174 .
1616 1090 1810 1204 Quarum
1833 1119 1880 1177 ea
1898 1090 1989 1210 pri·

601 1234 782 1308 maest,
812 1209 928 1321 quod
959 1237 1054 1297 cum
1084 1209 1202 1297 ceteri
1237 1208 1422 1297 homines
1452 1210 1496 1295 in
1528 1238 1691 1325 quaque
1721 1207 1880 1299 civitate
1912 1210 1989 1300 au't

601 1358 726 1416 suum
760 1326 932 1443 quisque
967 1328 1176 1447 negotium
1207 1352 1360 1447 agant,
1395 1328 1543 1417 autin
1575 1327 1777 1445 republica
1811 1328 1989 1416 admini-

602 1446 770 1537 stranda
788 1444 871 1534 sint
886 1448 1106 1566 occupati,
1135 1446 1285 1534 clericis
1298 1477 1347 1534 ex
1364 1476 1412 1534 eo
1427 1448 1608 1550 vocatis,
1645 1473 1692 1534 ut
1705 1446 1989 1563 Hieronymus

602 1590 796 1665 testatur,
828 1567 944 1681 quod
961 1567 1010 1652 de
1043 1596 1146 1655 sorte
1178 1564 1347 1652 Domini
1377 1568 1460 1656 sint
1486 1564 1583 1685 (b),
1616 1564 1771 1681 quique
1792 1570 1990 1658 boniscc·

604 1684 827 1775 clesiasticis
852 1685 1021 1772 aluntur
1054 1688 1172 1789 ,hoc
1204 1686 1456 1805 potissimum
1489 1684 1699 1799 negotium
1730 1683 1913 1789 divinis,
1945 1710 1991 1778 et

601 1803 797 1893 humanis
812 1802 964 1921 legibue
982 1830 1040 1893 est
1054 1804 1314 1923 injunctum,
1351 1830 1399 1891 ut
1415 1805 1458 1888 in
1475 1802 1736 1893 commissum
1750 1803 1827 1893 sibi
1848 1836 1991 1923 popu·

603 1922 720 2025 lum,
745 1952 791 2009 ae
828 1923 876 2007 de
901 1953 941 2011 se
974 1928 1074 2014 bene
1107 1952 1326 2010 merentem
1341 1927 1476 2010 Deum
1506 1922 1729 2043 propitium
1756 1924 1902 2012 babere
1919 1924 1992 2043 (c)

605 2041 764 2132 cunctis
782 2040 1009 2132 rationibus
1025 2043 1256 2132 enitantur.
1285 2041 1417 2159 Quod
1432 2073 1520 2129 non
1537 2043 1668 2130 solum
1683 2043 1992 2132 sacrificiiseffi⁴

604 2161 750 2262 citur,
779 2160 850 2245 sed
867 2162 985 2249 etiam
1004 2163 1220 2282 precibus,
1254 2192 1360 2280 quae
1376 2191 1399 2249 a
1418 2164 1487 2279 pio
1504 2163 1625 2250 corde
1644 2160 1988 2276 proficiscantur,

603 2306 700 2371 teste
715 2281 896 2384 lacobo,
932 2282 1005 2396 qui
1023 2312 1098 2369 nos
1115 2282 1167 2368 ad
1185 2281 1436 2401 precandum
1465 2283 1684 2370 cohortans
1706 2342 1720 2381 ,
1739 2282 1885 2396 orate(
1917 2282 1992 2367 in·
2103 2345 2107 2354 ·

600 2398 733 2517 quit)
757 2397 1020 2519 proinvicem
1036 2427 1085 2488 ut
1103 2401 1339 2503 salvemini,
1364 2401 1540 2489 multum
1571 2398 1679 2487 enim
1710 2396 1816 2487 valet
1842 2398 1991 2517 depre-
2085 2470 2087 2474 -

606 2518 714 2608 catio
729 2518 823 2635 justi
837 2520 998 2632 assidua
1015 2518 1086 2637 (d)
1105 2582 1117 2605 .
1151 2518 1286 2606 Altera
1305 2539 1429 2609 causa
1449 2524 1535 2625 est,
1567 2516 1707 2629 utqui
1738 2515 1893 2633 reliquo
1908 2550 1991 2637 po.

601 2637 704 2757 pulo
722 2637 902 2758 exemplo
919 2639 1066 2726 debent
1082 2667 1162 2725 esse
1176 2636 1366 2741 virtutis,
1404 2666 1445 2726 et
1470 2634 1790 2734 sanctimoniae,
1822 2638 1988 2727 assidua

602 2754 832 2873 precatione
853 2755 992 2841 Deum
1002 2757 1287 2872 filoquentes,
1323 2758 1462 2844 minus
1496 2755 1717 2874 opportuni
1755 2755 1984 2846 reddantur

603 2874 794 2964 tentatori
812 2870 1004 2980 diabolo,
1042 2876 1075 2962 si
1091 2905 1158 2963 eos
1176 2875 1405 2980 invenerit,
1436 2901 1482 2965 ut
1506 2877 1783 2987 Hieronymus
1798 2872 1885 2977 ait,
1916 2906 1989 2966 oc·

600 3112 794 3184 Antonium
809 3111 949 3186 Blodrrm
965 3112 1160 3186 Accianum
1174 3135 1261 3186 anco
1322 3131 1373 3188 est
1401 3112 1673 3188 animadvertere
1689 3133 1700 3191 ι
1718 3134 1791 3183 nam
1820 3111 1989 3187 editiones

598 3211 737 3282 Domini
767 3220 982 3288 MDXXXV.
1013 3212 1146 3286 friend.
1163 3221 1263 3284 Mer·
1324 3211 1533 3309 posteriores
1549 3214 1655 3308 magis
1664 3225 1742 3289 sunt
1759 3209 1882 3287 obviae
1897 3258 1909 3283 .

588 3307 664 3389 cii.
698 3309 795 3381 Inter
825 3313 909 3382 hanc
944 3311 1087 3404 primam
1126 3310 1260 3383 Editio·
1372 3320 1423 3403 (a)
1451 3320 1489 3381 Ιιι
1505 3310 1676 3385 breviario
1692 3313 1876 3405 recognito,
1889 3332 1985 3407 prae·

599 3429 704 3492 nem,
733 3405 884 3504 aliasque
907 3412 1061 3494 ejusdem
1097 3407 1258 3481 breviarii
1321 3408 1472 3505 cipuae.

600 3503 771 3600 recogniti
788 3509 954 3600 quaedam
970 3528 1046 3582 sunt
1061 3509 1255 3590 varietates,
1371 3506 1422 3600 (b)
1449 3517 1487 3577 ιιι
1513 3505 1565 3582 dr.
1586 3531 1700 3606 recog.
1717 3505 1864 3581 Clericis
1883 3529 1927 3580 ex
1939 3530 1985 3581 eo

600 3624 744 3699 quarum
761 3605 956 3702 exemplum
971 3606 1016 3680 sit
1030 3608 1061 3679 in
1073 3607 1159 3679 festo
1171 3604 1263 3691 §.Ja-
1323 3606 1485 3690 iocatis·‚
1500 3611 1593 3702 quod
1609 3610 1713 3682 sortis
1731 3604 1873 3679 Domini
1888 3605 1955 3679 sint
1973 3655 1986 3680 .

599 3701 678 3774 cobi
695 3703 882 3796 Apostoli.
905 3706 941 3779 ln
959 3706 1067 3800 prima
1083 3704 1261 3780 editiones
1375 3712 1424 3799 (c)
1449 3715 1489 3779 lte
1508 3709 1566 3779 dr.
1582 3730 1693 3804 recog.
1711 3724 1749 3778 ut
1775 3705 1891 3779 Deum
1925 3708 1987 3777 ha·

580 3800 805 3899 ,Hispaniam
831 3805 951 3876 adiisse
975 3854 986 3888 ,
1014 3822 1046 3876 ct
1072 3803 1121 3874 ibi
1139 3826 1260 3892 nouere
1327 3805 1610 3900 becepropitium
1635 3806 1667 3879 in
1683 3804 1901 3881 commissum
1917 3802 1985 3877 sibi

600 3914 731 3973 cantum
744 3903 838 3975 viros
851 3904 1052 3975 convertisse
1065 3905 1271 3999 traditum,
1328 3904 1557 4000 populumne
1572 3907 1615 3977 de
1629 3930 1664 3979 se
1678 3908 1765 3978 bene
1784 3915 1984 3992 merentem,

600 4019 666 4095 prro
687 4002 740 4073 die
758 4015 877 4100 corpus
892 4003 1175 4087 ejustransiatrrm
1194 4024 1263 4074 essc
1376 4005 1427 4097 (d)
1454 4012 1494 4075 Ιιι
1511 4012 1612 4076 Brco.
1634 4024 1745 4098 recog.
1761 4023 1846 4094 quae
1879 4024 1898 4071 a
1924 4000 1987 4096 pio
2057 4093 2060 4098 ¹

606 4100 756 4172 creditur
768 4099 1048 4198 compostellam.
1079 4100 1117 4173 ln
1133 4096 1264 4174 brevia·
1312 4104 1428 4177 'corde
1445 4100 1704 4196 proficiscantur
1719 4126 1729 4170 ι
1747 4096 1808 4193 ipsi
1827 4099 1932 4180 enim,
1946 4116 1989 4173 nt

602 4193 657 4266 rio
685 4196 887 4294 recognitor
918 4199 1117 4300 Hispaniam
1143 4201 1263 4271 adiisse
1326 4199 1525 4282 testimonio
1550 4202 1773 4294 versibusque
1802 4196 1988 4273 utarbeati

602 4308 637 4368 ιι
659 4294 708 4369 ibi
737 4297 964 4394 Evangelirrm
977 4300 1188 4398 praedicasse
1204 4319 1266 4371 arr·
1326 4298 1511 4374 Alexandri
1528 4299 1639 4393 Papae
1655 4317 1713 4384 ,ιι
1731 4297 1910 4395 Martyris,
1920 4309 1989 4391 pro

603 4392 682 4469 ebor
706 4412 755 4471 est
771 4398 967 4469 Isidorus..
984 4446 1021 4470 ..
1048 4407 1168 4470 Postea
1181 4420 1264 4470 vero
1327 4398 1458 4496 populo
1472 4397 1702 4492 interpellant,
1717 4416 1751 4468 et
1765 4394 1888 4491 populi
1904 4419 1991 4491 pec·

602 4495 706 4664 iltius
731 4496 894 4595 Apostoli
929 4512 1049 4596 corpus
1063 4499 1264 4596 compostel·
1326 4514 1401 4572 cata
1420 4500 1623 4582 comedunt,
1638 4498 1718 4594 quia
1733 4496 1891 4591 precibus
1905 4495 1989 4581 suis,

637 4596 883 4669 mercurialem
911 4612 987 4669 est.
1011 4594 1266 4690 Exprimaigi·
1328 4613 1364 4671 ιι
1392 4594 1624 4671 oblationibus
1651 4620 1690 4671 ea
1716 4593 1854 4680 delent,
1882 4611 1995 4689 atque·

600 4709 660 4766 tur
688 4694 843 4767 editione
864 4695 980 4769 Breve
1006 4694 1103 4767 Pauli
1132 4694 1212 4778 111„
1230 4712 1266 4767 et
1326 4715 1530 4771 consumunt
1547 4745 1570 4792 0,
1588 4695 1661 4793 Qui
1693 4712 1824 4789 quanto
1851 4692 1990 4788 dignio-

602 4791 800 4868 Cardinalis
825 4794 1072 4889 praefationem
1103 4795 1264 4871 transcri·
1316 4818 1381 4874 -res
1398 4795 1553 4880 luerint,
1574 4815 1669 4871 canto
1686 4794 1819 4871 facilius
1834 4815 1898 4887 pro
1914 4788 1991 4882 qui·

602 4894 710 4976 bem,
736 4909 771 4965 et
783 4892 962 4972 nonnullas
987 4893 1266 4968 correctiones‘in
1327 4898 1392 4970 bus
1421 4896 1675 4972 necessitatibus
1692 4897 1864 4975 clamant,
1880 4910 1990 4963 exau·

573 5039 582 5048 -
602 4990 812 5084 praefatione
840 4990 989 5065 aliarum'
1001 4991 1194 5068 editionum
1214 4994 1267 5069 ic·
1327 4994 1500 5071 dicotur.
1526 4994 1635 5090 Quod
1651 4988 1847 5070 testimonio
1863 4989 1992 5084 probet

602 5092 842 5165 cursoribus
868 5088 949 5163 alias
963 5089 1075 5164 cuivis
1087 5093 1268 5190 confeten·
1327 5093 1450 5181 lecobi
1462 5090 1702 5188 Apostoliqui
1717 5114 1779 5166 nor
1796 5089 1839 5165 ad
1853 5109 1998 5190 precam

603 5190 632 5262 ti
661 5187 814 5264 diversas
840 5187 899 5263 lus
926 5188 1270 5287 praelationesiacile
1330 5194 1414 5270 dum
1441 5189 1624 5269 cohortans
1642 5205 1711 5266 ιιι.
