5084 6234
571 810 628 925 a
1008 793 1571 890 peninum·

567 972 807 1051 „susvero
824 938 1063 1038 constituit,
1096 966 1143 1026 ut
1166 940 1307 1057 psalmi
1339 939 1434 1047 die,
1468 963 1675 1057 noctuque
1706 968 1957 1040 canerentur

571 1116 601 1167 ‚,
633 1095 702 1184 per
718 1092 856 1149 omnes
874 1059 1053 1146 ecclesias
1068 1121 1096 1157 „
1109 1119 1124 1165 ¹.
1157 1058 1413 1147 Caelestinus
1428 1065 1458 1147 1.
1475 1123 1488 1162 ,
1506 1060 1688 1177 qui-cum
1713 1066 1754 1149 S.
1767 1065 1951 1155 Ambro-·

569 1184 630 1272 sio
645 1183 806 1275 videtur
822 1176 1044 1292 aliquando
1061 1175 1183 1261 fuisse
1197 1204 1400 1279 versatus,
1412 1180 1535 1296 paulo
1550 1207 1640 1297 post
1655 1181 1817 1268 initium
1831 1214 1950 1272 secu-

569 1302 597 1386 li
616 1332 654 1416 5.
682 1366 710 1402 „
726 1297 981 1395 Constituit,
1018 1318 1066 1380 ut
1095 1293 1236 1409 psalmi
1272 1296 1410 1384 David
1448 1326 1542 1409 ¹50·
1573 1326 1666 1384 ante
1697 1300 1949 1392 Sacrificium

570 1483 599 1524 „
629 1419 889 1539 psallerentur
903 1412 1241 1526 orttiphonntim‚ex
1261 1413 1465 1515 omnibus,
1480 1417 1595 1527 quod
1610 1441 1703 1501 ante
1718 1447 1804 1504 non
1816 1418 1948 1522 fieban

571 1604 601 1642 „
630 1538 700 1626 sed
717 1562 878 1623 tantum
895 1530 1079 1646 epistolae
1098 1530 1138 1611 S.
1159 1530 1272 1613 Pauli
1290 1530 1510 1620 recitabant
1522 1532 1641 1647 (sic),
1654 1559 1693 1618 et
1710 1538 1750 1618 S.
1770 1527 1954 1653 Evangess
1985 1593 1987 1598 -

572 1689 601 1761 ς,
632 1658 733 1740 lium
745 1654 895 1770 (r)„.
923 1646 1003 1733 Sed
1034 1672 1180 1733 cantus
1214 1648 1526 1762 antiphonarius
1550 1650 1811 1765 probabiliter
1843 1653 1960 1741 anti-⁸

574 1775 761 1889 quiorem
779 1770 924 1859 habuit
940 1764 1137 1882 originem
1153 1827 1163 1849 .
1181 1766 1311 1879 Quod
1327 1794 1464 1854 autem
1481 1769 1533 1853 ab
1558 1769 1730 1859 Ecclesia
1749 1767 1955 1855 Mediola-

572 1894 690 1979 nensi
709 1891 765 1977 ad
783 1891 878 1974 alias
899 1886 964 1970 hic
980 1914 1067 1968 mos
1081 1884 1375 1999 permanaverit
1395 1949 1409 1987 ,
1431 1883 1714 1999 accipiendum
1731 1909 1789 1972 est
1805 1884 1854 1968 de
1869 1884 1956 1973 lero

572 2012 765 2096 omnibus
781 2008 864 2091 aliis
888 2002 1082 2099 ecclesiis,
1117 2029 1212 2085 curn
1233 2001 1484 2116 exploratum
1501 2002 1579 2105 sit,
1606 2006 1648 2088 S.
1669 2001 1870 2091 Hilarium
1899 2006 1955 2092 ab

469 2143 479 2153 '
573 2130 726 2213 oriente
760 2151 961 2213 reversum
996 2120 1040 2202 in
1081 2119 1236 2206 musico
1261 2121 1512 2231 hymnorum
1540 2149 1745 2216 concentu
1772 2119 1959 2208 Graecos

573 2246 696 2332 fuisse
717 2243 950 2329 imitatum.
1012 2313 1040 2353 Δ,
1451 2241 1456 2252 ”
1737 2297 1743 2309 .
1875 2262 1898 2314 ¹:
1936 2297 1958 2320 ,a

638 2393 707 2479 79.
740 2366 800 2445 De
834 2386 943 2443 more
979 2356 1226 2443 concinendi
1244 2386 1355 2442 sacra
1391 2358 1568 2443 carmina
1600 2360 1749 2478 duplex
1791 2356 1959 2444 institui-

574 2507 703 2601 potest
719 2478 901 2591 quaestio
918 2479 931 2575 '‚
964 2475 1138 2559 fueritne
1159 2474 1203 2556 in
1221 2474 1394 2560 Ecclesia
1411 2480 1595 2561 Romana
1612 2478 1709 2562 olim
1722 2474 1954 2578 adhibitus,

575 2627 615 2686 et
630 2601 661 2684 si
683 2594 891 2683 adhibitus
907 2591 1016 2691 fuit,
1043 2621 1096 2676 an
1113 2592 1220 2675 intra
1238 2590 1426 2679 divinum
1442 2593 1623 2679 officium
1641 2657 1651 2678 .
1686 2595 1825 2681 Potuit
1840 2592 1950 2676 enim

579 2715 794 2812 accidere,
825 2735 873 2795 ut
891 2708 1034 2822 hymni
1061 2733 1304 2795 canerentur
1321 2710 1487 2821 quidem
1519 2711 1560 2794 in
1588 2712 1780 2813 ecclesia,
1810 2708 1959 2794 sedad-

577 2833 767 2921 divinum
784 2827 964 2915 officium
981 2856 1067 2911 non
1084 2825 1333 2942 pertinerent
1351 2888 1362 2908 .
1399 2827 1483 2915 Vix
1503 2855 1637 2915 autem
1671 2830 1777 2915 ullus
1794 2824 1955 2913 dubita·

575 2951 700 3039 tionis
742 2952 854 3043 locus
883 2971 939 3039 est
963 3011 976 3057 2
1004 2944 1107 3059 quin
1139 2942 1282 3058 musici
1315 2946 1567 3059 hymnorum
1600 2970 1826 3037 concentus
1856 2941 1953 3027 olim

577 3074 732 3156 Romae
768 3068 811 3150 in
836 3065 1008 3150 ecclesiis
1039 3061 1312 3165 audirentur,
1344 3092 1475 3179 neque
1505 3064 1654 3166 video,
1683 3095 1756 3153 cur
1774 3090 1952 3151 asseren-

577 3187 678 3272 dum
693 3189 744 3273 sit
760 3250 773 3287 ,
792 3184 845 3267 ad
862 3184 1041 3267 seculum
1057 3182 1149 3264 Vll.
1166 3180 1210 3264 ln
1227 3183 1414 3268 Romano
1433 3184 1566 3269 officio
1582 3181 1846 3271 ecclesiastico
1862 3207 1949 3265 uon

576 3302 698 3390 fuisse
728 3300 901 3389 metricos
928 3303 1085 3413 hymnos
1114 3323 1314 3410 usurpatos
1344 3359 1359 3397 ,
1390 3325 1435 3384 ut
1468 3302 1601 3417 plures
1626 3301 1890 3400 existimant,
1913 3317 1955 3383 et

578 3422 793 3538 praecipue
812 3416 868 3503 V.
886 3412 1121 3501 Cardinalis
1137 3412 1381 3501 Thomasius
1398 3417 1492 3532 (2):
1511 3480 1538 3519 ‚‚
1565 3418 1768 3517 Ecclesia,
1792 3414 1966 3527 inquit,·

581 3601 610 3640 „
641 3545 828 3632 Romana
860 3532 1090 3645 antiquitus
1119 3561 1195 3617 non
1227 3533 1449 3620 admittebat
1479 3539 1637 3652 hymnos
1660 3536 1702 3619 in
1724 3530 1874 3622 divinis
1890 3527 1958 3615 of-

581 3718 611 3759 „
642 3658 767 3745 liciis.
803 3649 1036 3739 Amalarius
1069 3650 1113 3734 in
1130 3650 1408 3765 supplemento
1422 3653 1531 3740 edito
1558 3683 1580 3738 a
1596 3652 1663 3740 Cl.
1679 3647 1921 3740 Mabillonio
1940 3704 1954 3729 .

582 3836 613 3879 „
643 3779 705 3862 Ex
721 3778 798 3864 hoc
815 3768 1148 3884 Antiphonario‚
1174 3793 1216 3854 et
1232 3766 1462 3858 Ritualibus
1489 3770 1697 3859 Benedicti
1719 3761 1958 3867 Canonici,·

585 3955 614 3997 ‚,
645 3918 686 3979 et
701 3890 849 3979 Cencii
866 3886 1091 3973 Camerarii
1107 3910 1265 3975 constat
1283 3886 1335 3969 ad
1350 3888 1629 3975 Xll.seculum
1644 3887 1863 4000 antiquum
1877 3906 1963 3969 mo-

586 4071 616 4116 „
635 4021 732 4097 'rem
746 4007 980 4123 perdurasse
996 4061 1007 4084 .
1027 4006 1127 4087 Tum
1139 4003 1308 4119 primum
1325 4005 1511 4092 admissus
1523 4033 1578 4092 esc
1594 4009 1754 4122 hymnus
1777 4002 1830 4087 ad
1847 4030 1963 4088 com·

590 4186 621 4231 ,‚
648 4127 893 4246 pletorium‚
925 4149 972 4211 ut
989 4145 1098 4238 patet
1131 4150 1180 4209 ex
1198 4123 1275 4206 hoo
1306 4122 1695 4237 antiphonario...
1727 4121 1964 4210 Dicendum

588 4306 619 4350 „
651 4245 814 4330 videtur
847 4242 891 4325 in
909 4237 1113 4353 aliquibus
1138 4264 1299 4324 tantum
1325 4240 1447 4327 Urbis
1468 4238 1654 4327 Ecclesiis
1677 4267 1756 4325 cum
1786 4236 1965 4355 temporis

591 4425 621 4466 „
651 4363 856 4449 admissum
874 4362 1094 4474 hymnorum
1114 4386 1222 4440 usam
1239 4355 1485 4471 „majorum
1509 4357 1779 4445 Ecclesiarum
1796 4352 1965 4445 Clericis

453 4513 462 4539 ·
591 4541 622 4584 .,
652 4481 872 4600 antiquum
887 4474 1072 4566 ordinem
1104 4472 1372 4569 retinentibus
1385 4536 1442 4579 ‚,.
1467 4479 1567 4567 Erat
1595 4503 1733 4565 autem
1756 4469 1964 4582 Antipho·

1884 4615 1964 4675 na*

646 4788 698 4869 (r)
726 4805 767 4852 ex
780 4780 969 4851 Pontificali
987 4782 1140 4853 Romano
1167 4778 1199 4850 in
1214 4778 1261 4849 vi·
1312 4773 1435 4846 soriale
1465 4825 1477 4860 ,
1510 4797 1545 4851 et
1578 4767 1860 4865 Antiphonarium
1893 4769 1967 4834 Ro-

598 4900 632 4954 ta
648 4881 681 4949 S.
698 4878 882 4947 Caelestini
900 4880 928 4946 l.
1314 4897 1429 4945 manae
1472 4875 1640 4948 Ecclesiae
1678 4892 1762 4943 com.
1793 4887 1829 4963 7·
1870 4885 1970 4959 uper.

648 4987 700 5070 (a)
716 4976 754 5048 ln
769 4974 1040 5049 annotationibus
1061 4974 1266 5068 adRespon·
1315 4972 1490 5045 col.168.
1866 5045 1871 5054 ,
1918 4973 1984 5026 ‘f
