5084 6234
683 746 766 838 nr
1042 706 1642 807 ¹nunilonis

680 865 739 955 cis
756 887 922 980 operam
937 877 1159 957 navarent,
1174 856 1297 957 satis,
1332 858 1569 961 autetiam,
1593 884 1643 947 ut
1675 860 1809 950 multis
1839 862 2079 976 videbitur,

681 980 806 1070 nimis,
820 978 951 1074 multa
964 974 1142 1094 congessi
1162 1037 1173 1058 .
1192 974 1461 1091 Quamquam
1483 1010 1580 1069 vero
1597 980 1734 1096 plures
1754 1012 1804 1070 ex
1821 980 1885 1069 his
1914 983 2081 1087 sanctis

679 1100 898 1192 simierant
913 1163 928 1203 ,
942 1122 980 1184 et
995 1161 1009 1198 ,
1026 1122 1073 1183 ut
1090 1094 1275 1182 ferebant
1291 1124 1498 1211 tempora,
1512 1099 1729 1188 doctissimi
1746 1132 1918 1203 3e0rum
1940 1130 2077 1194 tamen

680 1219 951 1335 hymnos,qui
969 1217 1023 1304 ad
1041 1246 1118 1302 nos
1129 1240 1417 1333 pervenerunt,
1432 1216 1568 1305 multis
1581 1218 1790 1312 erroribus
1803 1248 1949 1309 scatere
1964 1251 2080 1310 com·

678 1366 844 1463 pertum
862 1336 1045 1442 est3sive
1060 1335 1105 1420 id
1135 1333 1396 1422 librariorum
1410 1334 1570 1424 incuria
1590 1340 1811 1443 acciderit,
1842 1339 1925 1429 sive
1942 1369 2083 1433 aucto·

677 1490 743 1552 res
759 1487 837 1552 aut
860 1457 1068 1547 noluerint
1078 1455 1296 1545 verborum
1312 1452 1555 1569 elegantiae,
1569 1455 1621 1544 ¹et
1640 1458 1886 1548 correctioni
1903 1489 2081 1571 vacare,

678 1580 902 1703 pietati.,et
919 1574 1057 1668 sensui
1081 1572 1204 1662 unice
1239 1572 1418 1675 intenti,
1446 1601 1520 1663 aut
1551 1574 1618 1666 his
1632 1575 1831 1668 litterariis
1860 1578 2083 1684 subsidiis,

679 1699 993 1813 quibusinhac
1026 1717 1138 1781 tanta
1169 1689 1357 1778 luce‘srui
1375 1692 1538 1784 cuilibet
1569 1695 1883 1800 licet,destituri
1915 1726 2082 1792 exactas

677 1814 1132 1913 carminisconficiendi
1150 1809 1307 1928 regulas
1325 1873 1341 1912 ,
1357 1838 1399 1898 et
1412 1812 1564 1927 justam
1595 1814 1845 1930 syllabarum
1872 1819 2081 1930 quantita·

679 1966 760 2032 tem
778 1935 1055 2058 ignoraverint
1074 1990 1084 2015 .
1109 1934 1305 2019 Veterum
1320 1930 1634 2022 christianorum
1668 1966 1757 2024 non
1787 1936 1911 2023 modo
1927 1933 2080 2048 lyrico-

678 2089 802 2161 rum,
832 2057 912 2147 sed
934 2052 1149 2173 cujuslibet
1161 2047 1321 2167 generis
1335 2077 1547 2171 poetarum
1561 2050 1749 2174 princeps
1769 2055 2014 2142 Prudentius
2031 2055 2077 2143 in

679 2178 931 2294 syllabarum
946 2172 1175 2291 quantitate
1193 2197 1501 2287 nonnunquam
1515 2172 1649 2289 lapsus
1664 2201 1721 2262 est
1735 2206 1752 2278 ς
1768 2175 2079 2292 catalogumque

678 2296 964 2413 syllabarum,
993 2295 1042 2381 in
1059 2290 1214 2405 quibus
1229 2291 1438 2405 peccavit,
1452 2291 1615 2381 exhibet
1637 2295 1762 2383 editio
1780 2294 1835 2379 ad
1851 2326 1974 2381 usum
1984 2292 2078 2381 Del-

708 2417 800 2503 hini
817 2446 931 2504 anno
954 2413 1079 2530 1682.
1112 2442 1136 2498 a
1159 2409 1366 2526 Stephano
1384 2407 1665 2499 Chamillardo
1680 2439 1896 2532 procurata
1914 2478 1933 2516 ,
1953 2443 2079 2528 quem

677 2447 795 2627 iacile
813 2564 959 2653 augere
976 2561 1154 2652 possem,
1182 2527 1214 2616 si
1234 2529 1338 2617 tanti
1354 2555 1458 2617 esset
1472 2530 1756 2648 hujuscemodi
1773 2534 1886 2619 labor
1901 2532 1970 2647 (a)
1988 2534 2081 2620 .Se·

677 2654 902 2771 quioribus.
912 2651 1063 2742 seculis
1086 2650 1165 2765 qui
1177 2647 1445 2737 ecclesiasticis
1458 2650 1628 2739 canticis¹
1652 2652 1947 2771 componendis
1976 2649 2080 2736 alla-

678 2769 880 2862 borarunt
893 2834 912 2874 ,x
940 2772 984 2857 in
1000 2769 1238 2867 crassiores,
1264 2797 1311 2853 ac
1331 2766 1630 2885 frequentiores.
1652 2797 1745 2860 tum
1756 2769 1868 2860 metri
1883 2793 2004 2872 ,tum
2016 2769 2079 2857 la·

677 2890 851 2984 tinitatis
865 2919 1023 2978 errores
1034 2889 1271 2976 inciderunt
1287 2949 1303 2973 ι

742 3040 837 3127 144.
870 3010 1080 3126 Quocirca
1095 3007 1232 3108 multi,
1263 3004 1659 3124 condemnarent,
1688 3010 1858 3100 servatis
1883 3005 2081 3096 carminis·

677 3131 855 3247 regulis,
885 3158 1051 3215 sensum
1067 3125 1213 3244 pietati
1240 3125 1537 3215 accommodari
1553 3151 1665 3245 posse
1679 3188 1700 3230 ,
1716 3129 1821 3216 illam
1856 3150 2087 3215 tenuerunt

677 3248 880 3350 viam,ut
912 3278 1131 3335 numerum
1148 3246 1431 3361 syllabarum,
1457 3245 1535 3363 qui
1563 3250 1709 3337 cantui
1738 3250 1919 3337 idoneus.
1944 3272 2085 3346 esset,

677 3366 900 3460 retinerent
913 3430 936 3470 „
953 3368 1144 3457 metricas.
1158 3366 1262 3484 leges
1280 3366 1450 3484 penitus.
1460 3392 1769 3457 contemnerent
1785 3431 1796 3454 .
1828 3369 1983 3453 illustre.
1997 3366 2084 3449 hu·-

676 3483 821 3606 iusrei.
833 3487 1071 3608 exemplum
1083 3514 1143 3576 est
1159 3486 1207 3572 in
1222 3488 1381 3601 hymno
1397 3514 1553 3603 ,quem
1581 3487 1625 3574 in
1640 3490 1681 3575 S.
1702 3487 1908 3575 Victorem
1922 3484 1967 3570 S..
1979 3484 2086 3568 Ber--

675 3603 837 3720 nardus„
863 3611 1122 3729 composuit,
1153 3605 1331 3696 totidem
1359 3608 1560 3694 nimirum
1582 3607 1783 3722 syllabis,
1807 3631 1917 3720 quot.
1938 3629 2086 3692 versus:

677 3725 865 3930 saofhici
877 3755 1096 3833 constant,
1113 3728 1257 3816 addito
1271 3753 1425 3840 quarto
1440 3727 1626 3832 adonio,
1640 3727 1760 3816 nullo·
1778 3729 1934 3817 interea
1946 3749 2076 3811 serva·

676 3868 722 3936 to
768 3845 968 3938 incrimine
987 3849 1172 3943 brevium
1196 3849 1292 3956 ,vel
1321 3847 1572 3968 longarum,
1596 3876 1649 3939 ut,
1675 3850 1725 3936 in.
1750 3845 1879 3968 prime
1911 3842 2085 3961 stropha

681 3990 847 4056 cernere
870 3967 1004 4061 licet.

921 4090 1023 4182 Vita
1052 4086 1241 4178 Victoris·
1264 4083 1422 4175 meritis
1443 4087 1655 4207 praeclara

916 4209 1140 4305 Hominem
1166 4207 1315 4314 terris,
1338 4205 1417 4326 qui
1445 4238 1537 4297 non
1561 4208 1614 4298 sit
1643 4207 1696 4295 de
1717 4234 1828 4299 terra

920 4328 1045 4421 Velut
1072 4360 1094 4415 e
1126 4330 1238 4419 caelo
1268 4333 1417 4418 <latum
1444 4355 1722 4449 repraesentat

1035 4448 1116 4539 Ad
1139 4449 1389 4541 imitandum
1399 4447 1508 4571 (r)

707 4743 718 4764 κ
743 4653 795 4744 (ιι)
832 4654 1069 4740 Prudentius,
1093 4656 1142 4731 sit
1166 4656 1352 4742 Ptluvtn·
1397 4652 1792 4734 Pmdentiiattateltre
1814 4648 2078 4762 ubiqueperi'e·

670 4750 807 4825 nstin
839 4753 1099 4840 institaPoets,
1123 4757 1213 4852 stylo
1238 4757 1353 4830 utitur
1398 4772 1475 4832 rats
1498 4756 1613 4851 qualis
1632 4758 1960 4833 seilicstamomsrs
1991 4747 2076 4843 qui·

685 4849 940 4968 saepebaerdaro
953 4879 968 4939 ς
979 4858 1073 4946 quod
1088 4855 1349 4953 intelligendum
1395 4856 1543 4933 busdam
1554 4852 1795 4929 Ciceronianis
1805 4846 1971 4965 ‘erigitur
1987 4894 1999 4922 ι

685 4950 792 5026 estde
804 4968 954 5049 puritate
967 4956 1132 5031 sermonis
1149 4954 1348 5054 latiniqsse
1445 4962 1502 5053 (ι)
1527 4957 1630 5032 rom.
1638 4977 1674 5056 3.
1685 4974 1785 5051 oper.
1803 4973 1838 5023 ιιι
1855 4948 1952 5024 fine.
