5084 6234
583 812 673 932 21⁰
748 819 768 850 “

1021 802 1626 924 uYMNODIAt

816 948 858 1042 O
890 967 1002 1067 pater
1034 944 1129 1039 cleri
1144 1011 1160 1054 ,
1187 942 1410 1065 populique
1444 966 1612 1061 pacton·
1734 1023 1737 1028 .

816 1067 1026 1185 Orphanis
1057 1089 1195 1168 tutor,
1229 1062 1370 1156 viduis
1402 1061 1583 1158 hoamen
1598 1125 1616 1170 ,

812 1184 1035 1301 Virginum
1069 1209 1232 1286 custos,
1256 1182 1468 1269 monachis
1492 1212 1650 1275 severae

996 1303 1150 1428 Regula
1180 1302 1320 1396 vitae.

812 1424 941 1508 Nunc
969 1419 1012 1506 in
1046 1421 1201 1516 excelsu
1233 1416 1412 1508 recidens
1446 1418 1613 1543 olympo

816 1540 937 1627 Sidus
966 1568 992 1623 u
1026 1564 1217 1647 nocuae,
1250 1536 1518 1653 columenque
1550 1542 1714 1658 gentis,

815 1655 1014 1775 Compari
1045 1657 1183 1776 priscis
1219 1655 1314 1749 fidei
1347 1655 1542 1773 magistris

994 1781 1103 1872 Luce
1136 1775 1336 1893 refulges.

809 1898 870 1986 Sis
900 1924 1051 1990 mernor
1080 1895 1193 1986 chari
1208 1924 1251 2096 p

734 2051 772 2108 2.
807 2021 866 2105 Sis
899 2012 953 2098 ad
983 2038 1187 2106 aeternam

1253 1892 1383 2009 regis,
1415 1916 1457 1977 ct
1488 1892 1694 1985 Patronus

1249 2008 1399 2104 riadem
1412 2070 1428 2113 ,
1458 2037 1705 2126 precamur,

808 2137 975 2225 Cuncta
1005 2130 1074 2216 cui
1105 2131 1248 2247 dignas
1282 2152 1471 2220 resonent
1501 2157 1572 2247 per
1604 2134 1745 2222 orbem

988 2247 1131 2343 Secula
1163 2244 1335 2342 laudes.

569 2371 775 2464 Admau:
805 2325 894 2466 Sol
924 2370 978 2466 ab
1007 2395 1156 2456 occasu
1192 2392 1326 2460 roseos
1360 2361 1416 2448 ad
1448 2386 1593 2467 ortua,

804 2495 914 2583 Luce
945 2484 1019 2599 qui
1050 2510 1172 2578 terras
1204 2480 1364 2569 meliore
1383 2479 1575 2574 lustrans

807 2606 949 2693 Noctis
985 2600 1189 2715 Hispanae
1226 2598 1426 2699 nebulas,
1458 2627 1497 2690 et
1526 2626 1631 2690 atras

984 2715 1165 2806 Discutis
1199 2720 1397 2806 umbras:

808 2835 946 2953 Cujus
971 2860 1116 2936 exortu
1145 2838 1384 2921 tenebrosus
1412 2859 1558 2939 error,

805 2959 933 3043 Fraus
949 3015 964 3061 ,
996 2978 1035 3052 cc
1065 2953 1303 3048 inconstans
1326 2949 1476 3052 furor,
1508 2976 1548 3040 ct
1578 2954 1777 3072 profanus

807 3075 980 3179 Luxus,
1005 3097 1046 3161 et
1065 3101 1197 3161 vanae
1227 3069 1365 3158 sitiens
1390 3068 1574 3190 profugit

980 3191 1173 3279 Ambitus
1205 3218 1363 3274 aurae.

427 3475 435 3497 Ι
570 3446 608 3520 in
638 3442 796 3517 omnibus
824 3441 1010 3535 Hispaniae
1035 3439 1238 3521 breviariis,

571 3561 711 3618 etcum
740 3541 877 3635 hymnis
900 3539 1039 3635 quidem
1075 3536 1237 3633 propriis,

576 3637 695 3733 quales
721 3638 877 3733 sequiora
904 3638 1017 3711 secula
1051 3639 1237 3718 tulerunt,

572 3737 658 3812 elim
683 3736 891 3818 celebratum
926 3736 992 3818 fuir
1019 3787 1031 3820 ‚
1057 3760 1096 3810 uc
1132 3738 1236 3820 docet

575 3836 747 3931 Tamayus
775 3835 809 3909 in
825 3837 1070 3931 Martyrologio
1087 3836 1236 3931 Hispano

573 3938 617 4009 ac
639 3935 721 4008 banc
736 3935 820 4008 diem
840 3983 851 4007 .
883 3936 1125 4015 Inveniebatur
1140 3956 1238 4025 prac-

575 4052 671 4106 terea
697 4032 730 4102 in
758 4032 931 4117 breviario
948 4031 1128 4112 Romano,
1144 4032 1237 4122 quod

575 4127 771 4202 cardinalis
798 4129 1000 4223 Qulgnones
1034 4127 1237 4204 auctoritare

572 4224 672 4300 Pauli
686 4225 751 4299 ΙΙΙ.
769 4225 902 4310 ediditr
920 4250 1045 4309 verum.
1059 4226 1179 4303 &Pius
1198 4225 1241 4294 u.

571 4348 653 4400 cum
695 4321 793 4416 plura
819 4322 921 4404 alia,
956 4343 1028 4396 turn
1063 4331 1128 4396 boc
1168 4324 1242 4395 offi-

573 4424 668 4498 cium
698 4424 732 4496 S.
748 4421 867 4497 lsidori
889 4420 1111 4494 inbreviatio
1134 4429 1236 4494 recti-

574 4538 652 4594 tuto
669 4519 895 4614 praetermisit
911 4569 922 4603 ,
937 4518 1092 4613 quamvis
1110 4517 1142 4590 in
1159 4521 1238 4589 bre-

573 4618 687 4691 viario
718 4622 871 4696 Romano
905 4621 945 4693 dc
964 4627 1102 4700 camera
1120 4619 1235 4689 Vene-

573 4715 634 4789 riis
662 4736 765 4806 1550.
784 4723 871 4797 iuter
888 4718 1019 4813 reliqua
1051 4736 1167 4802 vetera
1183 4739 1237 4790 re·

571 4813 732 4905 periatur
763 4818 925 4897 insertum
952 4866 963 4889 .
994 4817 1087 4890 bene
1122 4837 1235 4906 autem

573 4914 703 4997 nabet,
731 4919 823 5009 quod
846 4914 1082 4999 doctissimo,
1118 4935 1152 4999 et
1168 4940 1240 4990 san·

579 5010 822 5104 cuuimuviro
844 5010 977 5093 ltidoro
998 5014 1149 5096 officium
1165 5015 1241 5092 Do·

1297 3439 1404 3514 croris
1447 3444 1511 3515 sub
1538 3444 1608 3516 ritu
1639 3446 1772 3540 duplici
1812 3449 1854 3519 ab
1885 3449 1959 3519 nni·

1297 3561 1396 3621 versa
1428 3540 1571 3616 ccclesia
1606 3544 1817 3617 recitandum
1838 3548 1960 3617 confir·

1298 3637 1405 3711 rnarit
1447 3641 1619 3713 Romanus
1661 3641 1817 3715 Pontifex
1857 3644 1960 3714 Inno-

1298 3738 1429 3814 centius
1446 3740 1542 3812 xllr.
1557 3739 1612 3812 die
1629 3739 1821 3833 25.Aprilis
1840 3762 1961 3832 1722„

1299 3838 1343 3908 de
1386 3860 1457 3927 quo
1492 3836 1622 3909 consuli
1657 3859 1769 3929 porcst
1816 3839 1963 3919 Benedi-

1300 3953 1373 4005 ctus
1400 3933 1495 4005 XIV.
1509 3946 1559 4006 Dc
1590 3934 1676 4008 beot.
1691 3937 1751 4008 lib.
1770 3962 1803 4025 4.
1819 3951 1909 4031 part.
1926 3962 1962 4012 a.

1300 4048 1373 4126 cap.
1393 4040 1452 4106 XI.
1470 4055 1560 4103 num.
1584 4034 1735 4123 15.,qui
1763 4034 1889 4112 ibidem
1918 4061 1960 4128 <l

1301 4128 1473 4212 Mariana,
1489 4127 1716 4206 bollandianis
1732 4181 1743 4214 ‚
1762 4154 1796 4205 et
1811 4132 1961 4224 Nicoleo
2100 4209 2105 4220 ,

1302 4226 1454 4297 Antonio
1501 4250 1788 4313 commemorat,
1825 4234 1963 4321 Bonifa-

1303 4324 1354 4396 cio
1388 4331 1480 4397 Vm.
1515 4334 1661 4412 Romano
1696 4326 1856 4416 Pontifcc
1881 4334 1963 4404 cleli-

1300 4421 1433 4493 became
1479 4423 1517 4491 de
1558 4426 1631 4507 iis,
1677 4430 1737 4523 qui
1778 4440 1959 4503 Doctorum

1299 4519 1464 4590 Ecclesiae
1518 4525 1692 4610 nominc,
1737 4542 1770 4598 ct
1822 4549 1958 4599 numero

1298 4640 1403 4689 essem
1433 4618 1665 4696 cohonestandi
1695 4673 1706 4707 ,
1744 4622 1872 4711 fuisse,
1899 4624 1959 4717 qui

1300 4714 1665 4800 ambrosiastrum
1677 4722 1928 4816 praeferendum
1945 4767 1957 4801 ,

1299 4830 1359 4892 ortt,
1403 4832 1549 4914 quatuor
1593 4835 1680 4890 certe
1703 4818 1780 4887 aliis
1802 4819 1955 4912 quintum

1299 4916 1520 5000 adjiciendum
1533 4920 1720 5003 judicarent
1751 4962 1763 4986 .
1779 4917 1956 4999 laudem.

1301 5039 1402 5109 quarn
1450 5014 1569 5095 'laioul
1628 5012 1801 5107 Episcopo
1862 5015 1957 5087 Cae·
