5084 6234
1106 801 1626 897 HYMNODlA

977 945 1068 1030 Hoc
1104 972 1219 1031 sacto
1249 946 1416 1032 custode
1451 944 1592 1079 pelle,

1041 1061 1205 1150 Christe
1238 1066 1324 1151 Rex
1359 1063 1578 1185 piissrme,

1039 1180 1239 1268 Criminis
1269 1211 1453 1281 noxam,
1485 1184 1710 1298 luemque,

1038 1297 1207 1415 Corpus
1239 1357 1253 1396 ,
1288 1325 1328 1388 et
1357 1329 1428 1386 cor
1460 1299 1669 1408 liberans,

1042 1418 1096 1502 Et
1125 1416 1260 1502 choris
1290 1415 1419 1533 adjun
1447 1447 1473 1504 e
1497 1415 1596 1505 caeli

1038 1534 1128 1618 Nos
1157 1562 1230 1620 tua
1260 1534 1471 1624 clementia
1508 1597 1520 1619 .

984 1645 1166 1737 Gloriam
1198 1653 1305 1740 Patri
1329 1653 1498 1740 melodis

1039 1772 1306 1858 Personemus
1335 1771 1540 1870 vocibus,

1040 1886 1223 1971 Gloriam
1257 1886 1428 1974 Christo
1460 1914 1658 1974 canamus
1685 1945 1701 1987 ,

1043 2001 1224 2088 Gloriam
1263 2005 1462 2092 Paraclito
1494 2067 1510 2105 ,
1544 2037 1546 2040 ·

1040 2119 1185 2207 Seculo
1208 2122 1282 2238 qui
1318 2147 1458 2257 regnat
1483 2119 1597 2207 omni

1038 2236 1193 2327 Trinus
1222 2302 1237 2345 ,
1269 2233 1310 2328 et
1341 2238 1508 2358 srmplex
1534 2242 1653 2326 Deus
1684 2294 1698 2322 .

686 2466 763 2558 Die
796 2496 864 2584 25.
889 2470 1092 2562 Octobris.
1121 2476 1168 2560 ln
1175 2473 1278 2587 ferro
1293 2483 1339 2565 S.
1357 2476 1492 2570 Fructi
1521 2472 1796 2589 confessoris,
1823 2503 1864 2564 er
1883 2477 2081 2581 Ecclesiae

742 2589 987 2706 Segouiensis
1017 2592 1178 2680 Patroni
1211 2653 1223 2680 .
1254 2599 1435 2714 Hymnus
1464 2596 1644 2715 antiquus
1677 2597 1987 2713 emendatus(o)

686 2824 753 2913 'Ad
770 2852 942 2944 vesperas
959 2886 970 2909 .
988 2781 1192 2945 Superba
1220 2855 1322 2918 tecta
1354 2830 1507 2920 civium
1538 2889 1555 2930 ,

912 2973 950 3030 1.
1041 2946 1266 3034 Periculosa
1299 2975 1505 3051 munera,

911 3092 951 3149 2.
1047 3066 1098 3152 Et
1131 3066 1255 3153 seculi
1285 3067 1556 3181 frequentiam

1041 3183 1183 3272 Vitare
1218 3188 1360 3271 Fructe
1392 3183 1542 3301 cogitas
1569 3244 1582 3267 .

915 3330 955 3415 3.
989 3301 1155 3386 Deserta
1192 3302 1354 3412 quaeris
1381 3299 1492 3389 invia
1523 3364 1538 3404 ,

1033 3419 1149 3503 Lares
1180 3419 1361 3517 cavernis
1395 3415 1602 3521 abditus,

907 3559 951 3647 4.
1042 3535 1214 3650 ignotus
1248 3561 1296 3622 ut
1324 3538 1376 3624 sis
1409 3535 1647 3639 omnibus,

908 3677 948 3764 5.
1044 3653 1226 3769 Solisque
1261 3681 1385 3744 notus
1414 3656 1628 3773 Angelis.
2014 3649 2075 3757 Te

688 3895 822 3997 phaelis
852 3901 1000 3993 hymnus
1024 3897 1238 3969 correctione
1268 3896 1352 3970 indi·
1420 3897 1502 3969 fecit
1528 3898 1561 3968 in
1590 3878 1711 3991 Hymet.
1746 3905 1889 3968 correct.
1923 3891 1956 3965 io
1986 3893 2076 3969 festo

687 4022 769 4094 gens
783 4024 794 4083 ς
807 4000 865 4069 sed
883 3994 999 4086 tapeti
1015 4014 1179 4087 potestex
1192 3992 1249 4074 iis,
1266 4018 1353 4086 quae
1419 3993 1452 4076 S,
1469 3994 1673 4076 Michaelis,
1700 3997 1731 4065 in
1759 4017 1828 4089 quo
1844 3993 1900 4064 hic
1926 3996 2076 4088 hymnus

1420 4092 1536 4183 paucis
1553 4093 1691 4165 mutetis
1717 4092 1802 4165 olim
1838 4088 2077 4166 recitabatur.

1419 4189 1646 4264 Corrertores
1658 4193 1800 4265 Romani
1816 4190 1990 4263 diversum
2010 4215 2079 4264 me·

686 4093 759 4169 uixi
779 4095 831 4165 die
848 4093 903 4164 18.
922 4095 1044 4164 Martii
1061 4094 1223 4184 ‚Nempe
1254 4090 1288 4163 iu
1304 4092 1320 4163 f
1336 4128 1353 4146 ·

688 4208 743 4266 sto
773 4191 999 4259 Dedicetionis
1017 4197 1049 4260 S.
1065 4189 1244 4263 Michaelis
1272 4200 1350 4260 Ar·

689 4286 1348 4384 thargeliedlauiesrecitarurhymnus

688 4381 846 4484 'antiquus
861 4410 879 4458 a
895 4382 1162 4456 correctoribus
1189 4384 1348 4454 Romanis

691 4486 903 4582 recognitus,
922 4505 964 4556 ex
976 4504 1045 4574 quo
1058 4480 1193 4574 prima,
1209 4499 1348 4574 quarta,

690 4586 834 4678 quinta,
866 4601 899 4656 et
950 4597 1046 4655 sexta
1065 4583 1203 4673 stropha
1220 4578 1347 4650 substi-

691 4681 742 4754 tui
763 4701 899 4773 possunt
913 4681 994 4761 his,
1023 4702 1108 4774 quae
1126 4685 1229 4750 modo
1248 4679 1280 4749 in
1299 4676 1350 4746 of·

690 4777 772 4856 ficio
786 4778 821 4846 S.
838 4778 1018 4872 Raphaelis
1032 4796 1260 4870 usurpantur.
1279 4774 1352 4871 Hy·

694 4898 809 4951 tortum
824 4878 863 4946 ad
878 4901 1034 4968 vesperas
1049 4874 1243 4950 emendavit
1260 4896 1348 4969 quo·

693 4973 760 5070 que
783 4973 978 5070 'Guyetus‚
1015 4974 1070 5046 rel
1088 4997 1218 5049 norunt
1234 4971 1351 5067 potius

1419 4303 1508 4357 trum
1524 4337 1535 4368 ‚
1562 4313 1683 4380 nempe
1695 4290 1876 4363 iambicum
1892 4291 2076 4361 dimetrum

1419 4384 1668 4458 adhibuerunt:
1689 4394 1734 4457 Te
1758 4389 1938 4487 splendor,
1964 4390 2079 4459 ervir-

1419 4497 1471 4553 ηις
1488 4486 1624 4557 Patris.
1964 4523 1967 4528 ·
2017 4519 2021 4530 ·

1467 4589 1516 4669 (a)
1546 4583 1675 4678 Viginti
1689 4604 1818 4678 septem
1836 4608 1952 4657 versus
1966 4596 2071 4653 mura·

1421 4676 1446 4748 ti
1463 4698 1566 4762 sunt,
1596 4707 1682 4775 quos
1697 4686 1752 4756 hic
1771 4683 1939 4755 exhibens

1473 4801 1504 4848 r.
1521 4780 1623 4874 Vulgi
1638 4789 1773 4854 co'roner
1788 4776 1942 4849 mobilis.

1493 4888 1561 4948 ‚Et
1577 4880 1781 4949 detrahentes
1798 4873 1961 4945 circulos.

1463 4893 1505 5072 i.
1515 4978 1660 5049 onusta
1675 4975 1779 5046 eremi
1787 4986 1943 5069 penetres
