5084 6234
993 823 1538 916 HISPANICA
1876 857 1960 945 251·

814 970 941 1059 Uncis
972 969 1066 1071 viva
1098 997 1208 1054 caro·
1227 966 1425 1053 scinditur
1452 966 1651 1082 ungulis3

815 1087 1053 1173 Candentes
1084 1111 1284 1172 renovant
1312 1087 1483 1174 vulnera
1517 1084 1719 1186 laminae,

812 1204 1028 1316 Dejectum
1048 1204 1170 1319 piceis
1198 1201 1241 1282 in
1268 1206 1468 1316 specubus
1497 1228 1690 1317 premunt

870 1321 1012 1407 Testae
1039 1350 1186 1436 corpus
1215 1320 1396 1405 aculeis.

812 1440 888 1525 Vis
913 1438 1055 1524 audire
1093 1464 1249 1525 novum
1287 1438 1470 1557 supplicii
1501 1438 1667 1555 genus‘l

807 1557 870 1642 Sic
894 1555 1042 1642 fessum
1074 1555 1251 1643 thalamo
1280 1583 1489 1675 purpureo
1524 1556 1662 1646 locant

810 1678 916 1761 Inter
946 1673 1134 1778 delicias,
1159 1700 1343 1791 sertaque
1372 1676 1526 1780 florea,

869 1794 957 1875 Nec
992 1792 1219 1879 constantia
1247 1793 1483 1909 frangitur·

813 1968 1698 2147 Hmwfflqumm,

811 2147 944 2235 Elusis
972 2148 1077 2235 fatui
1108 2149 1472 2246 judicantibus,

812 2266 920 2349 Lecti
955 2262 1173 2349 blanditias
1199 2264 1344 2348 deserit
1372 2264 1538 2350 evolatu

873 2378 1007 2462 Trans
1037 2377 1232 2492 fulgentia
1264 2378 1425 2462 sidera.

808 2496 984 2583 Caelum
1013 2495 1241 2613 prodigiis,
1271 2518 1421 2613 corpus
1454 2516 1505 2580 ut
1533 2494 1737 2616 integrum

809 2613 1035 2731 Proiectum
1066 2614 1380 2731 mediislperstet
1411 2611 1550 2731 agris,
1582 2614 1719 2718 favet,

810 2733 963 2818 Custos
995 2759 1149 2820 corvus
1166 2732 1324 2848 radere,
1348 2757 1423 2820 nec
1446 2728 1631 2821 volucres
1644 2787 1659 2838 ,
1685 2751 1821 2846 neque

863 2849 1084 2939 Accedunt
1112 2849 1255 2943 avidae
1281 2843 1423 2937 letae.
1552 2896 1554 2899 ·
1642 2861 1647 2871 '

806 2966 936 3060 Iudex
972 2964 1184 3079 aequoreis
1217 2971 1405 3057 fluctibus
1440 2970 1612 3084 imperat

805 3082 972 3199 Mergi,
1006 3086 1215 3195 Relliquiis
1243 3114 1295 3167 ne
1326 3110 1463 3198 pateat
1485 3087 1628 3190 locus;

808 3200 1040 3301 incassum,
1064 3200 1220 3315 placide
1255 3225 1354 3286 nam
1385 3200 1650 3292 refluentibus

869 3320 988 3403 Stans
1012 3317 1137 3432 undis
1166 3342 1288 3439 supet
1314 3338 1481 3408 enatat.

778 3432 929 3521 -Adsis
964 3433 1177 3524 olamulis
1206 3440 1278 3525 rite
1308 3439 1599 3553 precantibus,

805 3554 1025 3653 Vincenti,
1051 3554 1211 3640 radium
1233 3553 1399 3641 luminis
1435 3556 1639 3670 impetra,

806 3674 869 3755 Ne
904 3672 1019 3756 cedat
1050 3672 1179 3788 pietat
1207 3662 1334 3758 fracta
1359 3671 1578 3786 periculis,

859 3790 1187 3903 Succumbatque
1215 3787 1455 3878 laboribus.
1541 3897 1543 3899 v

803 3896 853 3989 Id
883 3929 1023 3992 nostro
1044 3927 1206 3995 maneat
1241 3897 1361 3993 corde
1398 3900 1685 4007 reconditum

702 4039 706 4048 ’
776 4022 935 4139 ¹Quod
966 4048 1162 4112 tormenta
1195 4021 1308 4115 brevi
1340 4021 1637 4141 praetereuntia

762 4153 763 4157 '
800 4141 1001 4229 Aeternae
1034 4147 1201 4262 pariunt
1231 4143 1409 4262 praemia
1435 4141 1616 4262 gloriae,

863 4262 1206 4378 Permansuraque
1234 4260 1418 4379 gaudia.
1544 4370 1591 4464 Ι.

1227 4439 1230 4444 -
1465 4431 1467 4436 ·
1576 4394 1651 4467 ru

575 4578 782 4657 Prudentia!
802 4587 1110 4685 praetereundam
1128 4608 1231 4667 vocet
1292 4608 1394 4689 quam
1412 4612 1490 4666 eum
1519 4604 1693 4665 auctorent
1710 4585 1949 4662 crederesne

574 4703 618 4753 ex
633 4704 774 4756 accentu
788 4708 936 4779 graeco,
960 4708 1020 4761 aut
1035 4716 1077 4762 ex
1090 4711 1169 4764 tuuc
1184 4693 1233 4765 vi·
1292 4696 1508 4785 stropharum
1523 4686 1737 4763 continenter
1747 4683 1949 4770 fluentium,

575 4782 665 4868 genti
682 4785 926 4858 consuetudine
950 4788 1051 4859 aliter
1079 4812 1231 4881 pronun·
1292 4782 1947 4881 inquibuspaucotrepetiasvertusad

554 4876 697 4962 elatas,
724 4884 902 4973 prosodiae
928 4887 1061 4981 regulas
1087 4884 1230 4978 religio·
1288 4882 1947 4958 earminlsratiootmexattue0DeRe·

570 4990 606 5039 te
623 4987 793 5064 servavit,
819 5005 857 5055 ac
871 4982 957 5057 nihil
972 5004 1024 5058 est
1037 4983 1228 5070 absurdius,
1292 4983 1411 5081 liquiit
1428 4983 1596 5084 Martyria
1612 4981 1752 5059 contule
1768 4980 1952 5056 Bouana..
