5084 6234
783 764 867 937 25'2
1218 815 1259 896 u
1290 814 1321 897 r
1349 739 1474 925 uzu
1505 812 1756 904 ourrr·

786 1078 864 1167 Die
895 1104 964 1190 23.
992 1074 1197 1172 Jamarii.
1231 1075 1277 1158 1η
1293 1032 1395 1189 festo
1420 1076 1471 1161 S.
1486 1068 1662 1185 ildefonsi
1690 1067 1972 1197 Arcbiepiscopi
1987 1067 2164 1167 Toletani

904 1191 1140 1305 confessoris
1171 1191 1269 1307 (a).
1457 1244 1459 1247 v
1684 1231 1686 1236 ·

788 1425 858 1516 ‘Ad
871 1457 1007 1552 vesp:
1024 1387 1152 1519 ¹iuter
1174 1429 1378 1547 virgineos
1408 1423 1649 1539 ¹caelicolum
1682 1410 1829 1521 choros
1927 1453 1936 1474 f

1021 1547 1174 1637 Nimbo
1204 1576 1412 1665 purpureo
1441 1567 1554 1637 vecta
1574 1572 1650 1680 vper
1675 1570 1769 1632 aera
1809 1623 1814 1630 .

1083 1666 1312 1785 Templum·
1328 1664 1503 1752 maxima
1535 1665 1665 1778 Virgo

1143 1785 1352 1899 Maiestate
1383 1781 1506 1897 replet
1532 1811 1639 1867 oua.

1021 1905 1132 1987 Gens
1161 1902 1308 1989 devota
1338 1898 1459 1985 sacris
1492 1898 1535 1980 in
1564 1897 1721 1984 rediens
1750 1898 1886 1989 locum
1901 1921 1919 2004 ,‘

1021 2023 1079 2106 Ut
1106 2016 1257 2135 fulgere
1288 2016 1430 2108 vident
1453 1927 1661 2102 imoiitum
1685 2012 1837 2135 jubar,

1080 2134 1290 2221 Mirantur
1322 2129 1563 2249 stupefacti,
1626 2183 1642 2206 ·.
1768 2212 1770 2215 ,

1138 2252 1192 2338 Et
1223 2279 1329 2340 retro
1362 2249 1543 2337 referunt
1564 2250 1736 2367 pedem.

1020 2368 1215 2455 Adscitus
1245 2400 1321 2487 pro
1351 2369 1414 2453 ius
1446 2396 1533 2454 non
1565 2366 1724 2486 trepido
1756 2368 1889 2483 gradu

1020 2484 1302 2573 ildefonsue·a
1335 2487 1393 2585 it;
1423 2511 1591 2571 munere
1621 2482 1847 2603 'Virginin

1067 2602 1345 2718 ‘Arpectuque
1370 2606 1520 2692 :beatus
1545 2648 1547 2653 ·

1120 2781 1124 2796 .
1140 2717 1337 2806 Miscetur
1363 2724 1565 2837 Superum
1588 2720 1721 2809 chorio
1739 2738 1753 2804 .'

1021 2835 1256 2926 Defensoris
1288 2838 1424 2923 honos
1457 2864 1505 2924 ut
1532 2838 1667 2955 vigeat
1694 2835 1800 2938 diu,

1022 2952 1308 3069 Complectens
1337 2958 1527 3042 humeros
1559 2954 1645 3071 ipsa
1676 2953 1754 3037 Dei
1785 2957 1933 3041 Parem

1079 3071 1381 3161 Cincumducit
1404 3072 1629 3175 amictum,

1147 3189 1249 3301 Quo
1283 3190 1445 3278 Praesul
1476 3188 1644 3277 celebret
1671 3216 1816 3278 eacra.

1026 3304 1067 3390 O
1095 3304 1190 3390 felix
1219 3307 1346 3421 piet'ar
1379 3310 1389 3388 Ξ
1420 3337 1446 3390 o
1478 3306 1615 3391 decue
1632 3305 1831 3416 inclytum
1862 3313 1893 3395 !v

1025 3420 1157 3535 Quod
1186 3420 1279 3508 fasti
1310 3449 1508 3509 memores
1537 3420 1727 3510 laudibur
1755 3428 1973 3531 evehant,

1085 3538 1338 3653 Quoduon
1370 3542 1519 3628 obruat
1546 3537 1638 3627 ultio
1797 3627 1801 3636 ,

1146 3655 1274 3747 ueras
1304 3657 1445 3751 invide
1473 3654 1644 3748 seculis.

838 3900 891 3989 (a)
915 3893 1142 3972 inbreviatio
1157 3900 1347 3975 cardinalis
1363 3902 1452 4000 Qui·
1510 3900 1655 3990 sumptis
1670 3924 1711 3976 err
1726 3899 1899 3973 breviario
1910 3896 2172 3992 Qriguonieuo:

792 4015 918 4091 gunnes
933 3991 1092 4068 intertum
1109 4015 1179 4086 erat
1194 3998 1344 4092 officium
1363 4001 1398 4071 S.
1413 4000 1455 4072 u-
1510 3999 1549 4068 lo
1564 3996 1738 4071 Breuiario
1751 3995 1915 4067 Toletano
1931 3994 2014 4067 anni
2031 4013 2136 4082 1505.
2156 4043 2170 4081 ,

790 4089 949 4172 detonsi,
974 4095 1067 4185 quod
1097 4093 1129 4166 iu
1158 4095 1330 4170 breviario
1354 4098 1449 4180 iussu
1511 4094 1661 4187 itemque
1676 4094 1710 4164 in
1723 4094 1829 4165 utero
1843 4093 2023 4185 posteriori
2049 4092 2168 4168 Silicei

792 4187 880 4265 uui
900 4188 944 4258 V.
961 4207 1117 4263 correcto
1137 4192 1216 4267 loto
1236 4210 1367 4268 motum
1384 4216 1447 4265 ert:
1504 4191 1591 4264 unni
1608 4209 1712 4278 1551.
1726 4190 1759 4262 in
1774 4190 1861 4263 festo
1888 4192 1924 4262 8.
1936 4191 2098 4265 Ildeforui
2112 4214 2171 4265 ct·

791 4286 828 4361 id
840 4308 903 4359 cur
918 4285 963 4358 ita
976 4287 1161 4381 contigerit
1174 4295 1201 4371 ,“
1212 4288 1367 4365 divinate
1382 4314 1450 4364 nou
1472 4288 1653 4365 uebatur
1669 4293 1850 4385 rhythmus
1866 4326 1878 4373 ,-
1892 4291 1989 4376 cuiue
2018 4290 2165 4383 primam

791 4384 899 4458 turim
915 4431 927 4457 .
954 4382 1122 4478 Equidem
1148 4384 1222 4457 vidi
1238 4388 1448 4461 breviarium
1507 4389 1679 4479 stropham
1700 4386 1878 4469 exhibeo,
1897 4387 1984 4459 celsi
1997 4388 2170 4474 confesso·

790 4479 982 4555 Romanum
996 4484 1036 4554 de
1054 4490 1190 4555 camera
1204 4501 1448 4576 nuncupatum,
1508 4486 1554 4558 ris
1566 4490 1709 4556 desum
1723 4488 1952 4559 uenerandum
1968 4524 1984 4540 ·
2001 4484 2116 4578 Nobis
2130 4494 2168 4555 ut

814 4581 885 4649 uod
900 4578 1011 4655 fuerat
1028 4605 1071 4655 ex
1084 4580 1178 4654 libris
1193 4580 1285 4655 Illrhi
1300 4581 1448 4656 Coccini
1509 4595 1558 4654 est
1588 4582 1691 4653 moris
1714 4620 1731 4637 ·
1756 4586 1870 4655 Adest
1909 4580 2167 4655 celebrandurn·

783 4724 790 4750 ι
849 4672 956 4747 Rotae
982 4679 1189 4764 eruditoris.
1216 4679 1370 4753 Venetiir
1385 4679 1451 4752 im·
1488 4677 1686 4771 Deinceps
1712 4705 1790 4755 cum
1808 4678 2014 4753 inomnibur
2040 4674 2167 4766 Hispa·

792 4789 946 4862 pretium
985 4797 1116 4865 1550„
1142 4777 1176 4851 iu
1201 4802 1273 4873 quo
1296 4776 1450 4852 officium
1510 4776 1642 4852 uiarum
1658 4776 1768 4871 regnir
1784 4780 1847 4850 rub
1862 4778 1931 4846 ritu
1955 4770 2085 4863 duplici
2100 4772 2167 4844 mi·

773 4865 830 4938 ’8.
842 4863 1000 4940 Iideforui
1018 4878 1158 4949 adhunc
1174 4877 1264 4950 diem
1280 4877 1452 4969 reperitur
1509 4877 1584 4951 nori
1596 4875 1747 4949 officium
1765 4868 1987 4944 &ildefonsi
2006 4868 2166 4944 recitare·

792 4985 871 5041 curu
883 4960 993 5040 tribur
1007 4965 1210 5049 lectionibus
1225 4975 1377 5072 propriir
1392 4975 1452 5068 de·
1508 4992 1593 5060 tur,
1617 4974 1681 5048 sub
1707 4971 1808 5045 finem
1823 4965 1930 5043 retuli
1948 4988 2039 5065 rme
2070 4966 2164 5043 Sacr.
