5084 6234
804 825 1592 948 QUIGN'O-NI‘ANUM
1809 848 1895 937 415

505 994 702 1091 eupatos,
732 998 773 1060 et
796 1006 818 1061 a
836 973 1149 1093 cogitationibus
1179 974 1433 1063 caducarum
1452 998 1589 1058 rerum
1603 968 1782 1057 subinde
1802 997 1895 1058 avo·

505 1095 583 1182 cati
604 1158 617 1196 ‚
650 1094 983 1212 contemplationi
996 1096 1239 1185 divinarum
1257 1117 1518 1181 assuescant.
1554 1087 1723 1190 Tertia,
1750 1119 1799 1180 ut
1814 1090 1896 1175 Re·

504 1212 666 1330 ligionis
681 1243 843 1327 quoque
861 1214 992 1301 futuri
1011 1214 1185 1332 magistri
1218 1210 1461 1329 quotidiana
1493 1236 1628 1296 sacrae
1644 1208 1895 1328 scripturae,

506 1358 546 1419 et
561 1330 915 1419 ecclesiasticarum
947 1334 1208 1420 historiarum
1239 1330 1409 1419 lectione
1432 1328 1703 1431 erudiantur,
1719 1330 1896 1448 comple·

507 1475 750 1565 uranturque
769 1516 782 1552 ‚
812 1476 861 1538 ut
877 1452 1028 1539 Paulus
1047 1453 1130 1557 ait,
1165 1483 1291 1554 eum,
1320 1449 1393 1564 qui
1410 1447 1640 1537 secundum
1664 1447 1894 1538 doctrinam

504 1594 590 1672 est,
611 1570 766 1654 fidelem
783 1600 1037 1674 sermonem,
1065 1598 1104 1659 et
1121 1598 1304 1689 potentes
1325 1570 1408 1655 sint
1444 1566 1650 1655 exhortari
1684 1565 1726 1653 in
1748 1567 1894 1656 doctri-

504 1714 559 1771 na
584 1717 707 1790 sana,
737 1718 777 1778 et
800 1719 895 1793 eos,
916 1694 990 1808 qui
1018 1691 1309 1780 contradicunt
1337 1751 1351 1789 ,
1384 1716 1549 1804 arguere
1579 1747 1589 1769 .
1626 1688 1680 1775 Et
1711 1686 1891 1804 profecto

503 1801 631 1921 siquis
650 1807 820 1894 modum
835 1811 1026 1927 precandi
1046 1810 1142 1895 olim
1158 1840 1182 1895 a
1199 1807 1423 1925 majoribus
1457 1806 1650 1896 traditum
1681 1805 1891 1923 diligenter

504 1924 758 2031 consideret,
792 1923 941 2015 horum
957 1930 1143 2015 omnium
1177 1932 1229 2018 ab
1248 1927 1341 2045 ipsis
1371 1924 1550 2014 habitam
1576 1953 1657 2012 esse
1684 1928 1890 2014 rationem

503 2045 718 2132 manifesto
735 2049 1008 2163 deprehendet
1022 2048 1119 2167 (tt).
1149 2047 1228 2135 Sed
1244 2048 1400 2151 lactum
1417 2068 1476 2131 est
1507 2043 1643 2130 nescio
1668 2076 1753 2153 quo
1768 2072 1889 2163 pacto

502 2162 720 2251 hominum
735 2166 971 2287 negligentia
990 2169 1076 2287 (d),
1109 2196 1156 2257 ut
1172 2165 1366 2284 paulatim
1396 2160 1690 2251 asanctissimis
1714 2167 1786 2254 illis
1816 2197 1890 2257 ve·

501 2308 636 2372 tetum
669 2286 833 2373 Parrum
861 2288 1054 2375 institutis
1090 2284 1360 2373 discederetur
1394 2342 1404 2364 .
1453 2284 1564 2367 Nam
1587 2283 1764 2399 primum
1796 2285 1888 2374 libri

500 2430 636 2494 sacrae
670 2405 898 2521 scripturae
928 2470 941 2509 ,
971 2405 1045 2522 qui
1078 2405 1190 2493 statis
1221 2402 1322 2489 anni
1349 2399 1597 2518 temporibus
1622 2429 1739 2489 erant
1769 2402 1898 2521 pede·-

500 2524 623 2642 gendi
655 2583 669 2625 ,
707 2521 775 2612 vix
800 2524 901 2610 dum
923 2525 1099 2643 incoepti
1134 2555 1157 2609 a
1194 2521 1455 2640 precantibus
1482 2519 1889 2638 praetermittuntur.

500 2645 558 2731 Ut
574 2640 755 2758 exemplo
771 2670 853 2729 esse
885 2671 1057 2761 possunt
1084 2643 1183 2732 liber
1209 2640 1408 2742 Genesis,
1447 2639 1520 2755 qui
1553 2638 1748 2757 incipitur
1775 2639 1892 2729 inse·

504 2760 754 2881 ptuagesima
783 2826 796 2865 ‚
828 2786 867 2849 et
897 2764 994 2852 lber
1020 2762 1174 2864 lsaiae,
1210 2759 1285 2872 qui
1317 2759 1361 2859 in
1383 2758 1596 2861 adventu,
1627 2789 1805 2874 quorum
1822 2760 1892 2850 vix

502 2879 663 2999 singula
683 2880 857 2997 capitula
878 2882 1141 3001 perlegimus,
1167 2913 1214 2969 ac
1232 2881 1375 2968 eodem
1390 2879 1514 2963 modo
1529 2903 1655 2966 cetera
1670 2880 1814 2969 vereris
1831 2903 1893 2967 te-

501 2998 687 3089 stamenti
716 3001 927 3085 volumina
955 3002 1217 3118 degustamus
1249 2999 1407 3116 magis,
1440 3027 1566 3110 quarn
1596 2996 1784 3112 legimus,
1814 3028 1889 3086 nec

501 3146 617 3205 secus
636 3114 782 3204 accidit
799 3118 841 3201 in
858 3120 1109 3237 Evangelia,
1145 3143 1184 3205 et
1203 3119 1399 3232 reliquam
1414 3116 1655 3231 scripturam
1688 3116 1787 3206 novi
1817 3116 1894 3204 Te·

501 3234 717 3336 stamenti,
743 3263 925 3350 quorum
945 3238 1002 3334 ,in
1036 3237 1127 3324 loco
1160 3260 1441 3326 successerunt
1480 3234 1592 3338 alia,
1622 3267 1696 3325 nec
1721 3236 1892 3326 utilitate

502 3352 704 3456 cumbis,
730 3383 805 3441 nec
836 3359 1034 3467 gravitate
1068 3357 1380 3477 comparanda,
1411 3382 1518 3467 quae
1549 3356 1731 3469 quotidie
1767 3385 1790 3442 a
1820 3354 1891 3444 ita·

500 3473 612 3562 tione
631 3471 796 3591 linguae
814 3479 1083 3595 magis,quam
1098 3477 1329 3566 intentione
1348 3475 1490 3562 mentis
1509 3475 1783 3563 inculcantur.
1792 3387 1892 3561 gDe·

505 3593 599 3681 inde
616 3594 863 3711 psalmorum
880 3597 1108 3715 plerisque,
1136 3596 1209 3713 qui
1226 3595 1397 3715 singulis
1432 3595 1714 3682 hebdomadae
1745 3592 1890 3683 diebus

503 3738 620 3828 erant
638 3712 826 3800 destinati
843 3775 856 3815 ,
883 3714 1065 3832 rejectis,
1096 3717 1219 3834 pauci
1237 3715 1407 3830 quidam
1439 3739 1525 3801 toto
1554 3713 1637 3799 lere
1653 3743 1767 3801 anno
1785 3742 1892 3832 tepe-

501 3856 678 3920 tuntur.
710 3830 821 3918 Tum
838 3833 1026 3922 historiae
1058 3861 1295 3923 sanctorum
1313 3859 1396 3920 tam
1423 3832 1603 3934 inculte,
1633 3858 1675 3922 et
1705 3859 1789 3922 tarn
1819 3861 1896 3918 ne·
1928 3877 1932 3885 =

501 3950 666 4069 gligenti
686 3950 841 4067 judicio
855 3953 1027 4072 scriptae
1045 3955 1264 4073 leguntur,
1295 3978 1345 4042 ut
1360 3982 1435 4041 nec
1463 3949 1746 4043 auctoritatem
1770 3953 1893 4042 habe·

501 4097 542 4157 re
560 4072 780 4158 videantur
797 4100 870 4159 nec
886 4073 1125 4190 gravitatem
1138 4073 1204 4192 (c)
1223 4137 1235 4160 .
1264 4072 1435 4162 Accedit
1449 4098 1530 4160 tam
1546 4072 1761 4190 perplexus
1780 4071 1899 4177 ordo,

501 4212 664 4305 tamque
698 4189 872 4279 difficilis
902 4193 1098 4309 precandi
1133 4194 1266 4297 ratio,
1300 4219 1349 4280 ut
1378 4192 1585 4282 interdum
1609 4194 1735 4310 paulo
1762 4193 1897 4282 minor
2028 4301 2044 4318 ·

502 4338 625 4427 opera
653 4309 697 4394 iu
732 4309 983 4426 inquirendo
1026 4338 1235 4429 ponatur,
1277 4343 1401 4430 quam
1441 4340 1536 4398 cum
1579 4311 1813 4413 inveneris,
1849 4312 1895 4394 in
2030 4321 2042 4334 ‘

556 4576 610 4665 (a)
639 4581 677 4645 Ιιι
708 4581 765 4648 Br.
795 4600 905 4673 recog.
937 4579 1169 4663 consideret,
1238 4591 1361 4676 pturae
1402 4600 1556 4661 sacrae,
1603 4576 1663 4672 qui
1696 4573 1792 4647 statis
1819 4569 1898 4647 anni

506 4667 622 4783 plane·
644 4671 839 4772 intelligat,
873 4681 996 4750 horum
1015 4679 1169 4754 omnium
1237 4676 1451 4773 temporibus
1500 4676 1634 4771 legendi
1678 4691 1772 4746 erant
1801 4694 1899 4750 more

506 4791 728 4866 praecipuam
758 4776 798 4845 ab
826 4775 906 4868 ipsis
921 4777 1069 4851 habitam
1096 4802 1169 4850 esse
1235 4782 1434 4862 malorum,
1462 4792 1502 4848 ut
1529 4772 1636 4849 estin
1666 4770 1897 4860 monumentis

505 4870 674 4945 rationem
698 4921 708 4942 ·
1232 4874 1362 4958 Gelasii
1378 4875 1490 4967 Papae
1508 4922 1520 4957 ,
1547 4889 1583 4945 et
1597 4868 1753 4962 ,concilii
1767 4869 1894 4951 Roma·

537 4965 605 5080 rb)
629 4982 667 5045 ln
683 4983 740 5047 Bt.
755 4995 823 5045 ret.
833 4972 1047 5070 precantium
1063 4970 1168 5072 negli·
1229 4973 1383 5047 nitxx.
1413 4973 1689 5068 Episcoporum,
1715 4969 1780 5045 vix
1806 4974 1891 5042 dum

508 5080 645 5158 genna.
1229 5071 1381 5174 incoepti
1395 5069 1606 5168 omittuntur
1631 5065 1897 5172 inrliobreria·

561 5168 610 5260 ιι)
638 5171 951 5251 tartarearum
976 5170 1057 5248 libri
1082 5167 1168 5247 teri·
1230 5171 1324 5248 tio.
1370 5168 1526 5248 Turnhi
1596 5269 1605 5280 ..
1868 5169 1870 5174 ’
