5084 6234
1963 810 3059 903 HlSPANICA

3738 842 3904 932 321-

1600 953 1962 1045 Subinde
2034 978 2263 1042 tanto
2310 956 2466 1041 sub
2535 951 2744 1042 duce
2802 948 3394 1074 pristinum‘s·.

1606 1072 1984 1161 Accrevit
2039 1074 2334 1190 'ingens
2414 1074 2669 1158 robur
2707 1137 2734 1175 ,
2792 1101 2871 1160 et
2942 1074 3361 1188 improbas
3421 1111 3426 1116 ·

1730 1193 2147 1306 Hispanus
2245 1189 2722 1308 indignatus
2789 1194 3062 1277 hostes

1833 1307 2286 1398 Transtulit
2354 1306 2862 1421 in.Lybicos
2925 1332 3251 1396 catenas
3298 1370 3317 1392 .

1602 1429 1784 1514 Hoc
1833 1492 1861 1531 ,
1927 1430 2084 1515 hoc
2138 1432 2491 1514 Patrono
2562 1428 2777 1518 victa
2828 1456 2969 1545 per
3026 1454 3382 1543 aequora

1604 1548 1905 1665 Regnis
1974 1547 2205 1638 avitis
2267 1547 2742 1636 innumeras
2804 1547 3075 1665 plagas

1727 1665 2120 1783 Adjecit,
2170 1663 2366 1749 olim
2429 1693 2641 1781 quae
2725 1665 3000 1751 refuso

1855 1781 2173 1871 Oceani
2235 1782 2539 1875 latuere
2609 1806 2873 1874 tractu
2937 1844 2959 1869 .

1060 2123 1067 2129 .
1146 2058 1229 2130 ad
1293 2052 1472 2129 illius
1571 2052 2094 2129 similitudinem
2178 2059 2480 2134 effictum

1148 2158 1280 2228 hoe
1310 2154 1522 2226 titulo
1553 2182 1570 2223 ε
1601 2165 1695 2227 La
1725 2158 1944 2229 dauza
1974 2158 2055 2226 de
2096 2155 2161 2228 la
2195 2172 2479 2239 muer-te,

1144 2270 1328 2326 extat
1381 2255 1446 2325 in
1502 2254 1939 2327 Bibliotheca
1996 2254 2305 2326 Romana
2356 2256 2470 2325 Sa-

1140 2350 1441 2443 pientiae
1468 2374 1623 2422 cum
1660 2351 1808 2421 aliis
1839 2349 2215 2439 Opusculis
2236 2349 2478 2442 Hispa·

1144 2447 1250 2519 nis
1284 2447 1350 2517 in
1393 2473 1464 2541 4.
1498 2473 1519 2530 ;
1578 2448 1642 2515 in
1673 2469 1967 2539 quorum
2005 2448 2135 2518 fine
2175 2446 2466 2541 legitur=

1147 2553 1250 2616 En
1288 2544 1353 2614 la
1384 2565 1541 2637 may
1572 2542 1761 2616 noble
1798 2594 1820 2629 ,
1863 2566 1914 2638 y
1947 2544 2080 2614 lea!
2112 2548 2366 2618 cffudaed
2392 2549 2469 2620 de

1143 2641 1401 2715 Sevilla
1457 2658 1586 2740 por
1623 2650 1792 2716 Juan
1842 2646 1919 2713 de
1960 2643 2208 2722 Vareia
2243 2670 2285 2717 a
2348 2668 2463 2717 ao.

1143 2744 1288 2815 dtas
1326 2741 1437 2814 del
1481 2763 1615 2813 mes
1666 2744 1744 2812 de
1801 2751 2016 2815 Enero
2081 2746 2160 2816 de
2200 2763 2410 2833 ¹5²0·
2440 2789 2464 2815 .

1142 2842 1403 2932 joseph
1459 2840 1853 2935 Rodriguez
1932 2844 2018 2915 de
2072 2840 2326 2919 Castro
2402 2843 2470 2915 in

1141 2938 1416 3013 erudita
1449 2937 1862 3012 Bibliotheca
1892 2942 2472 3041 Hispano-Rabbi-

1141 3038 1293 3110 nica
1322 3037 1581 3108 Matriti
1626 3041 1838 3130 1781.
1864 3047 2296 3132 pag.198.‚et
2324 3066 2467 3132 seq.

1145 3153 1495 3207 auctorem
1561 3138 1760 3215 hujus
1797 3141 2126 3226 poematis
2178 3137 2469 3210 adstruit

1150 3256 1293 3305 esse
1336 3232 1653 3303 Sanctum
1683 3231 1978 3304 Carrion
2022 3259 2110 3308 ex
2147 3236 2475 3309 Hebraeo

1149 3328 1626 3403 Christianum
1662 3379 1684 3413 ,
1742 3330 1856 3422 qui
1889 3348 2110 3406 aetate
2163 3337 2297 3421 iam
2330 3359 2479 3428 pro-

1147 3446 1388 3501 vectus
1450 3428 1632 3500 circa
1669 3452 1916 3503 annum
1979 3436 2189 3525 1360.
2226 3436 2478 3507 scribe·

1149 3530 1266 3599 bat
1300 3576 1321 3607 ‚
1378 3526 1586 3621 idque
1644 3552 1727 3601 ex
1781 3530 2021 3605 codice
2053 3525 2183 3605 Ms,
2221 3532 2480 3607 Scuria·

1153 3624 1320 3697 lensi
1355 3624 1620 3719 colligit
1664 3675 1685 3696 .
1748 3628 1877 3700 Sed
1929 3628 2156 3703 virum
2190 3634 2472 3705 doctum

1155 3722 1412 3805 latuit,
1474 3726 1861 3806 huiusmodi
1926 3729 2106 3800 lusus
2159 3730 2470 3821 poeticos

1156 3823 1234 3893 de
1273 3823 1524 3895 chorea
1557 3826 1799 3893 Mortis
1854 3845 2083 3899 extare
2134 3830 2269 3911 iam
2324 3827 2470 3923 pri-

1152 3920 1309 3991 dem
1365 3920 1554 4015 typis
1618 3924 2014 3995 commissos
2078 3926 2276 3999 latine
2306 3976 2331 4011 ,
2398 3945 2469 4002 et

1156 4017 1549 4110 hispanice,
1613 4040 1684 4093 ut
1739 4024 1824 4093 de
1882 4022 2029 4096 aliis
2091 4025 2337 4121 linguis
2374 4044 2472 4099 ta·

1152 4137 1339 4225 ceam
1373 4164 1394 4184 .
1424 4117 1636 4210 Qod
1672 4138 1894 4194 autem
1934 4121 2219 4195 choreae
2251 4125 2472 4218 hispa-

1152 4233 1342 4283 nicae
1379 4231 1620 4290 auctor
1667 4219 1754 4288 sit
1807 4221 2086 4294 Sanctus
2116 4223 2411 4294 Carrion
2440 4270 2465 4305 ,

1151 4308 1552 4412 difficultate
1582 4336 1710 4383 non
1740 4338 1948 4399 caret,
1981 4321 2106 4390 nisi
2145 4320 2224 4391 in·
2246 4346 2466 4395 exem·

1070 4413 1083 4421 ‘
1155 4407 1329 4500 plari
1387 4409 1572 4480 edito
1629 4409 1882 4499 aliquid
1943 4417 2029 4490 sit
2065 4420 2403 4504 adjectum
2441 4469 2462 4502 ,

1155 4511 1340 4599 quod
1380 4505 1442 4576 iu
1493 4508 1876 4581 Ms.desit=
1929 4538 2078 4587 nam
2147 4518 2212 4588 in
2272 4517 2468 4590 edito

1152 4608 1741 4689 haecoccurrunt3
1761 4606 1827 4678 la
1859 4620 2122 4683 Mueree
2154 4615 2224 4684 al
2254 4628 2467 4687 Zum-

1148 4705 1360 4797 giano
1397 4732 1416 4775 a
1474 4706 1685 4786 Guido
1725 4707 1796 4776 m·
1823 4714 2155 4780 Ber-nardo
2187 4735 2316 4807 que
2340 4736 2463 4787 vos

1148 4808 1792 4877 estudiastes-Gmar
1821 4829 1902 4875 no
1928 4810 2256 4905 pudieron
2320 4830 2454 4882 esto

1151 4917 1276 4990 que
1307 4908 1663 4998 quer-edes.
1722 4906 1958 4978 Guido
2003 4913 2086 4981 de
2142 4907 2452 4981 Caulliac

1147 5018 1344 5073 suum
1409 5003 1750 5078 celebrem
1801 5009 1884 5079 de
1921 5031 1993 5079 re
2034 5006 2452 5106 Chirurgica

3205 1847 3362 1935 Ss

2624 2072 2987 2131 tractatum
3019 2053 3335 2129 exaravit
3391 2076 3499 2125 an.
3546 2052 3758 2144 1363.
3790 2099 3816 2134 ,
3874 2049 3947 2124 in

2633 2160 2827 2236 cuius
2880 2154 3185 2228 studium
3240 2151 3687 2247 Chirurgus,
3746 2173 3957 2245 quem

2622 2254 2815 2323 Mors
2847 2251 3262 2343 alloquitur,
3291 2250 3713 2324 incubuerat.
3732 2248 3953 2343 Quod

2616 2345 2993 2420 difficiliter
3074 2352 3442 2420 cohaerere
3496 2364 3725 2441 potest
3786 2352 3951 2420 cum

2610 2461 2832 2518 aetate
2862 2440 3221 2517 Carrionis
3250 2493 3269 2514 .
3318 2446 3459 2516 Sed
3497 2444 3667 2517 nihil
3718 2441 3940 2519 ausim

2609 2544 2893 2619 definire
2924 2560 3164 2616 contra
3208 2541 3497 2615 Codicis
3536 2541 3930 2616 Seurialen-

2607 2643 2698 2717 sis
2729 2643 3191 2716 testimonium
3219 2671 3241 2715 a
3300 2640 3580 2714 uberius
3606 2640 3775 2715 olim
3809 2640 3937 2716 ista

2608 2767 2767 2818 cum
2803 2743 2961 2815 Deo
2981 2741 3257 2814 volente
3290 2740 3937 2835 disputabo-Redeo

2604 2848 2689 2917 ad
2730 2841 3154 2929 &jacobum
3194 2889 3214 2912 .
3252 2839 3440 2912 Cum
3481 2843 3625 2913 duo
3661 2857 3925 2913 tantum

2601 2941 2870 3041 Hymni
2929 2943 2997 3012 in
3055 2938 3238 3011 illius
3273 2939 3448 3010 festo
3499 2937 3877 3011 recitentur
3915 2985 3942 3022 ,

2605 3040 2893 3110 tertium
2935 3038 3282 3130 addo,quo
3315 3036 3944 3127 praesensissimum

2607 3140 2751 3219 ejus
2823 3132 3283 3229 patrocinium
3320 3180 3342 3214 ,
3405 3157 3647 3228 resque
3702 3151 3944 3229 gestae

2612 3234 3079 3327 Hispanorum
3113 3233 3239 3304 sub
3274 3234 3417 3316 ejus
3443 3231 3757 3327 auspicio
3790 3235 3957 3306 bre·

2620 3332 2801 3407 viter
2838 3330 3398 3427 perstringuntur
3428 3380 3449 3402 .

2617 3431 2828 3506 Metri
2884 3453 3094 3525 genus
3183 3428 3470 3502 adhibui
3551 3428 3618 3500 in
3687 3428 3964 3504 brevia-

2628 3530 2735 3603 rio
2794 3527 3111 3602 Romano
3171 3575 3193 3608 ,
3252 3527 3644 3621 officiisque
3709 3527 3962 3621 Hispa-

2608 3626 2709 3701 nis
2742 3629 3062 3701 haetenus
3093 3624 3491 3699 inusitatum
3537 3674 3560 3710 ,
3600 3627 3720 3697 sed
3753 3626 3958 3716 quale

2605 3744 3010 3823 argumento
3073 3725 3505 3818 potissimum
3583 3721 3956 3797 convenire

2583 3824 2987 3899 'existimavi
3019 3872 3040 3893 .
3104 3824 3178 3894 ln
3208 3819 3568 3895 breviariis
3628 3820 3951 3919 Gallicis,

2600 3924 2889 4020 aliisque
2939 3920 3187 4017 passim
3216 3938 3557 3994 oecurunt
3593 3922 3954 4004 hujusmo-

2601 4023 2672 4096 di
2712 4021 2948 4119 hymni
2979 4021 3212 4096 alcaici
3246 4019 3601 4115 dactylici.
3638 4017 3956 4092 Consule

2607 4122 3153 4195 nissen-tationem
3174 4120 3528 4217 praeviam
3579 4124 3640 4210 §-
3677 4126 3968 4190 XXXI-³

2610 4244 2791 4295 παθη.
2830 4243 2997 4306 219.
3031 4268 3050 4290 .
3111 4217 3334 4304 Nihil;
3367 4218 3583 4312 igitur
3608 4236 3782 4291 esset
3809 4217 3961 4290 mie.

2610 4341 2811 4400 rum,
2877 4320 2928 4390 si
2962 4320 3045 4391 acl
3082 4316 3657 4413 gloriosissimum
3713 4317 3966 4398 Patro-‚-

2603 4442 2761 4489 num
2800 4417 3132 4503 Jacobum
3208 4416 3771 4510 praedicandum.
3802 4437 3964 4487 mu·

2599 4516 2738 4588 sica
2795 4515 3259 4590 ecelesiastica
3330 4515 3795 4605 Hispanorum
3828 4536 3975 4588 tto--

2602 4637 2728 4684 vos
2775 4636 3098 4687 numeros
3136 4611 3477 4683 inveniret
3514 4657 3537 4691 ,
3590 4628 3706 4682 aut
3738 4609 3966 4684 aliun·

2590 4713 2674 4783 de
2714 4712 2970 4803 petitos
3010 4711 3074 4782 in
3114 4733 3311 4781 suum
3347 4731 3545 4781 usum
3584 4724 3962 4783 converte-

2588 4826 2740 4880 ret.
2812 4811 3043 4883 Porro.
3093 4805 3423 4879 auxilium
3458 4856 3480 4888 ,
3549 4807 3978 4902 quod-sae·-

2586 4906 2869 5000 pissime
2933 4908 3001 4979 S.
3035 4907 3335 4992 jacobus
3397 4905 3956 4999 Hispanisinten

2574 5010 3025 5102 pugnandum
3051 5004 3450 5103 praestitit,
3515 5021 3636 5080 tot
3671 5004 3972 5090 miracu·

3328 5181 4497 5541 m
