5084 6234
689 952 964 1071 quorumdam
995 997 1015 1051 ,·
1039 944 1113 1059 qui
1147 947 1343 1037 alternam
1375 952 1627 1063 hymnorum
1658 954 1977 1048 modulationem
2010 968 2066 1055 ab'

689 1074 882 1174 Arianis,
896 1097 1106 1181 tamquam
1124 1073 1176 1158 ab
1207 1070 1367 1186 origine
1385 1072 1678 1160 desumendam
1691 1106 1772 1161 esse
1789 1079 2034 1169 arbitrantur
2049 1146 2064 1173 .

688 1198 788 1281 Non
810 1192 920 1277 enim
933 1185 1080 1277 Ariani
1097 1189 1175 1279 Dei
1192 1189 1331 1276 laudes
1345 1192 1489 1294 suavi,
1522 1216 1643 1303 atque
1671 1194 1792 1281 etiam
1806 1196 1956 1285 alterno
1971 1231 2064 1287 car·

686 1314 798 1399 mine
815 1309 1010 1397 celebrate
1044 1308 1162 1423 primi
1181 1332 1429 1424 coeperunt,
1461 1310 1532 1395 sed
1565 1311 1644 1398 hoc
1660 1337 1815 1415 cantu,
1844 1314 1930 1425 qui.
1950 1320 2064 1434 apud

686 1432 819 1549 plures
849 1427 1043 1514 Ecclesias
1072 1425 1226 1543 pridem
1251 1427 1384 1512 luerat
1411 1425 1650 1528 adhibitus,
1682 1430 1736 1514 ad
1768 1433 1943 1520 haeresis
1964 1464 2059 1522 suae

689 1577 843 1639 errores
870 1545 1189 1632 disseminandos
1223 1543 1340 1631 abusi
1358 1570 1483 1632 sunt.
1516 1544 1727 1655 Siquidem
1760 1578 1857 1632 cum
1878 1553 2064 1637 animad-

686 1689 920 1767 verterent,
952 1666 1137 1750 homines
1169 1662 1332 1749 musicis
1361 1664 1565 1764 modulis,
1598 1694 1643 1756 ac
1671 1665 1917 1756 carminibus
1948 1669 2071 1758 facile·

691 1783 881 1884 deliniri,
913 1787 989 1879 hoc
1021 1782 1170 1897 poculo
1202 1810 1409 1873 venenum
1442 1784 1590 1868 eisdem
1623 1782 1924 1901 propinarunt;
1957 1789 2064 1898 quin

690 1904 810 1990 etiam
833 1902 1032 1988 sotadicus
1061 1930 1280 2001 numeros,
1313 1895 1589 1985 effeminatum
1610 1900 1785 2003 scilicet,
1820 1928 1859 1989 et
1875 1904 2064 1994 enervem

689 2047 935 2108 concentum
964 2022 1127 2132 hymnis
1164 2018 1311 2134 pariter
1346 2017 1508 2103 nefariis
1548 2022 1937 2108 accommodarunt.
1969 2024 2062 2139 Ipsa

688 2135 972 2237 AriiThalia,
1004 2164 1109 2249 quae
1143 2159 1275 2222 tantas
1289 2134 1331 2219 itt
1360 2137 1535 2225 Ecclesia
1559 2136 1635 2220 Dei
1665 2137 1890 2255 tragoedias
1907 2141 2060 2226 excita-

686 2257 773 2355 vit,
810 2253 912 2339 nihil
932 2256 1186 2353 aliuderat,
1208 2251 1285 2337 nisi
1317 2284 1509 2355 carmen,
1545 2282 1630 2364 quo
1663 2255 1785 2373 impia
1821 2256 1909 2373 ejus
1924 2261 2060 2346 adver·

684 2405 754 2461 sus
779 2372 1020 2459 Trinitatem
1052 2372 1238 2489 dogmata
1259 2374 1419 2487 populis
1446 2373 1768 2476 instillabantur,
1802 2400 1855 2462 ut
1883 2376 2063 2464 constitit

684 2521 807 2607 supra
824 2486 861 2608 h.
878 2493 966 2585 Xll.
985 2522 1099 2578 num.
1115 2518 1181 2603 54.
1201 2490 1455 2605 Excogitavit
1472 2516 1606 2582 autem
1620 2492 1747 2576 Arius
1762 2523 1892 2581 novos
1909 2496 2074 2580 modu-·

686 2610 774 2709 los,
805 2608 960 2720 quibus
986 2610 1165 2705 carmina
1181 2636 1255 2692 sua
1273 2670 1287 2706 ,
1304 2633 1375 2693 aut
1392 2614 1443 2697 ab
1459 2610 1545 2694 aliis
1575 2609 1681 2695 edita
1699 2612 1848 2708 musice
1865 2612 2060 2697 decanta·

686 2753 827 2813 rentur
848 2788 857 2813 .
880 2730 989 2823 Nam
1007 2724 1292 2839 philostorgius
1310 2724 1383 2839 (t)
1396 2726 1554 2828 scribit,
1570 2725 1718 2825 Arium
1733 2731 1939 2816 cantilenas
1952 2761 2056 2821 nau-

560 2960 564 2966 ν
686 2845 816 2946 tiras,
852 2845 1059 2948 molarios,
1087 2875 1122 2930 et
1138 2845 1319 2929 viatortas
1333 2845 1606 2959 composuisse,
1632 2846 1797 2961 aliasque
1830 2875 1960 2933 rursus
1972 2849 2064 2932 edi«

684 2990 743 3050 tat
755 2965 797 3049 in
810 2995 984 3058 numeros
1000 2964 1208 3082 redegisse,
1229 2991 1335 3078 *quos
1351 2963 1484 3079 cuique
1499 2963 1693 3050 convenire
1707 2965 1950 3050 emanata
1967 3024 1976 3046 .

750 3082 817 3194 76.
852 3082 1028 3168 Arianos
1046 3086 1096 3169 ab
1119 3078 1386 3167 ecclesiasticis
1396 3080 1575 3179 coetibus
1591 3143 1605 3181 ,
1633 3110 1678 3166 ac
1695 3084 1827 3168 choris
1843 3082 2057 3186 secessisse,

687 3221 735 3285 ut
756 3229 853 3286 suos
869 3200 938 3314 ipsi
959 3203 1135 3311 hymnos
1166 3196 1370 3284 catholicis
1397 3199 1599 3315 oppositos
1618 3198 1904 3304 succinerent,
1929 3202 2056 3318 colligi

686 3346 797 3435 posse
814 3316 977 3412 videtur
993 3347 1042 3402 ex
1074 3320 1113 3409 S.
1130 3315 1325 3430 Gregorio
1358 3318 1624 3403 Nazianzeno
1638 3314 1712 3432 (2)
1726 3350 1778 3417 „a
1805 3319 1944 3433 Atque
1974 3322 2067 3407 uti-¹

686 3497 718 3539 „
749 3467 844 3523 nam
861 3434 919 3519 ille
935 3465 1100 3554 quoque
1119 3459 1257 3527 coetus
1275 3432 1328 3524 ad
1343 3435 1515 3520 chorum
1531 3459 1711 3534 nostrum
1735 3465 1775 3521 se
1791 3436 2059 3552 adjungeret,

690 3614 723 3657 „
749 3555 932 3669 quicum
948 3552 1061 3670 prius
1077 3552 1310 3638 cantionem
1328 3549 1652 3666 haudquaquam
1669 3553 1965 3653 adulterinam,
2000 3580 2066 3641 at·

691 3736 720 3780 „
751 3700 833 3789 que
849 3670 1067 3785 ignobilem
1082 3668 1296 3766 nobiscum
1311 3672 1400 3754 Deo
1418 3671 1614 3773 accinetet
1634 3701 1647 3774 3
1664 3672 1779 3756 haud
1793 3670 1876 3776 scio
1889 3735 1905 3773 ,
1920 3700 2003 3787 qua
2020 3699 2061 3759 re

691 3855 719 3898 „
753 3816 976 3879 commotus
992 3814 1151 3906 repente
1168 3812 1334 3883 cantum
1350 3786 1393 3872 in
1409 3787 1609 3879 diversum
1624 3815 1754 3877 mutat
1770 3854 1783 3891 ,
1802 3789 1961 3906 alioque
1974 3811 2064 3906 gra·

693 3973 721 4016 „
754 3910 812 3995 du
828 3973 841 4010 ,
858 3934 976 4021 atque
995 3906 1137 3995 ordine
1149 3936 1190 3994 ee
1207 3905 1411 4005 collocat„
1428 3970 1439 3990 .
1458 3908 1578 4020 Quae
1590 3909 1719 3994 ¹uerba
1740 3937 1787 3995 ut
1813 3937 1898 4004 non
1916 3908 1992 3992 nisi
2010 3905 2061 3993 de

692 4016 1112 4136 Arianisintelligam,
1130 4022 1343 4139 persuadet
1359 4024 1671 4139 philostorgius,
1696 4027 1768 4137 qui
1793 4026 1867 4140 (3)
1896 4053 2063 4127 narrat,

630 4245 635 4251 ⁸
692 4148 869 4254 Arianos
888 4167 979 4226 ante
1002 4138 1167 4251 Aetium
1185 4142 1498 4227 communicasse
1516 4171 1611 4227 cum
1629 4141 1851 4242 Catholicis
1873 4144 1915 4226 in
1933 4175 2067 4257 preca·

693 4263 855 4352 tionibus
872 4284 1012 4372 ,atque
1028 4259 1174 4373 hymnis
1187 4320 1202 4356 ,
1217 4286 1255 4342 ec
1269 4258 1598 4345 consultationibus
1608 4322 1621 4359 ,
1632 4259 1786 4375 aliisque
1793 4258 1877 4371 sere
1894 4261 2066 4351 omnibus

685 4405 947 4501 praeterquam
965 4376 1006 4461 in
1024 4375 1177 4491 mystico
1193 4373 1377 4492 sacrificio
1396 4440 1405 4460 .
1433 4374 1547 4475 Cum
1563 4376 1827 4464 dissensiones
1852 4406 1982 4468 essent
1995 4406 2067 4461 su·

695 4503 832 4586 borrae
850 4521 1009 4613 propter
1025 4493 1221 4582 diversam
1237 4493 1452 4591 formulam
1469 4494 1779 4583 Glorificationis
1797 4494 2063 4584 sanctissimae

693 4615 930 4713 Trinitatis,
959 4611 1007 4695 de
1034 4612 1184 4725 quibus
1214 4636 1354 4726 agetur
1377 4607 1413 4727 ᾗ
1427 4614 1573 4697 XXXI.
1604 4646 1712 4700 num.
1742 4646 1837 4733 230.
1869 4674 1883 4712 ,
1913 4610 2062 4703 Aetius

696 4734 874 4822 Arianos
889 4762 983 4818 suos
999 4729 1042 4814 in
1058 4730 1181 4815 alium
1196 4732 1365 4815 chorum
1382 4728 1568 4832 seduxit,

752 4974 806 5062 (1)
834 4966 1084 5057 truncans.
1334 5052 1338 5062 Ι
1403 4990 1732 5058 uum30num010,

752 5072 809 5163 (a)
834 5066 1001 5139 Oratione
1044 5062 1204 5135 adversus
1243 5057 1352 5147 Julia-
1450 5076 1505 5160 (3)
1532 5067 1836 5166 Lib.3,cap.14.
