5084 6234
571 828 660 926 ,μ
1004 806 1053 902 u
1083 810 1116 897 r
1145 818 1204 903 rr
1224 820 1267 904 u
1288 816 1472 903 osor
1501 811 1544 903 n

569 1066 646 1155 Die
676 1091 719 1179 4.
750 1061 920 1179 Aprilis.
950 1071 996 1155 ln
1016 1068 1121 1181 ferro
1153 1078 1198 1161 S.
1216 1076 1356 1164 Isidori
1400 1069 1685 1193 Archipiscopi
1721 1065 1957 1194 Hispalensis

587 1298 590 1305 ι
630 1178 893 1295 confessoris,
923 1214 963 1275 et
992 1193 1173 1285 Doctoris
1214 1193 1315 1321 (α)τ

574 1425 639 1514 Aa
655 1448 743 1541 vesp
751 1450 794 1508 .=
815 1381 1011 1516 Musici
1039 1460 1158 1522 voces
1187 1428 1367 1518 Isidorus
1400 1434 1546 1543 hymni

816 1545 1015 1664 flagitem
1047 1546 1208 1640 blandis
1241 1550 1453 1654 numeris,
1483 1547 1700 1660 modisque

816 1663 983 1759 clareat
1018 1698 1202 1772 nomen,
1234 1695 1426 1759 resonent
1459 1660 1632 1788 perenni

994 1787 1194 1877 Carmina
1220 1788 1377 1876 laude.

816 1904 955 1990 Prima
985 1906 1171 1994 turritam
1199 1933 1324 2023 super
1361 1932 1466 1992 astra
1497 1906 1676 1992 frontem

819 2020 994 2137 Hispalis
1025 2022 1161 2134 tollat,
1190 2023 1441 2138 celebretque
1471 2051 1699 2140 pompam,

816 2138 1013 2229 praesuta
1041 2142 1179 2262 magni
1208 2172 1321 2231 sacra
1347 2170 1594 2262 sumptuoso

1002 2262 1180 2349 Munere
1213 2260 1449 2381 complens.

818 2370 929 2489 Quis
954 2376 1076 2467 fidem
1108 2378 1237 2469 doctis
1267 2408 1442 2469 reserare
1468 2376 1620 2467 chartis

817 2490 998 2607 Aptior,
1028 2495 1196 2584 cuinam
1227 2498 1413 2617 graviore
1442 2495 1561 2586 fluxit

817 2606 942 2700 Vena
976 2612 1194 2715 doctrina,
1225 2616 1452 2730 studiisque
1487 2618 1651 2705 fervens

998 2734 1142 2822 Pectus
1177 2733 1394 2821 honestis‘l

821 2845 902 2932 Seu
928 2849 1020 2968 pios
1050 2882 1181 2941 mores
1210 2877 1469 2971 repetamus,
1495 2877 1621 2965 atque

820 2962 1025 3087 lntegram
1059 2970 1130 3058 dio
1158 2970 1238 3060 sub
1271 2998 1408 3058 amore
1436 2971 1594 3069 vitam,

823 3080 1066 3198 Quantam
1100 3086 1231 3181 virtus
1262 3086 1420 3205 aperit,
1448 3086 1632 3201 fidesque

1005 3208 1180 3323 Quanta
1214 3205 1372 3295 renidet
1385 3205 1411 3293 2

823 3319 924 3406 Non
956 3326 1082 3441 magis
1111 3324 1192 3409 lam
1220 3354 1264 3410 as
1291 3323 1459 3427 rutilat,
1491 3321 1667 3442 magisve

825 3435 987 3543 Ardet,
1015 3468 1162 3531 aurato
1191 3357 1379 3557 laqueare
1411 3445 1628 3559 pendens,

827 3558 972 3679 Quam
1000 3558 1107 3649 locat
1134 3559 1316 3681 prudens
1340 3586 1482 3680 pater,
1512 3587 1560 3650 ut
1586 3556 1742 3682 patenti

1007 3682 1161 3793 Luceat
1193 3680 1329 3767 aede.

644 3942 696 4032 (a)
724 3936 831 4031 Quod
857 3938 890 4009 in
922 3939 987 4009 hoc
1006 3939 1137 4033 hymno
1170 3941 1258 4011 trino
1320 3955 1379 4011 tur
1404 3988 1415 4022 ,
1441 3938 1533 4010 nulla
1567 3940 1676 4021 iustae
1706 3930 1979 4023 reprehensionis

595 4037 728 4108 somine
765 4040 906 4129 Nemeo
951 4058 1056 4106 enum
1082 4037 1257 4119 dixerim,
1319 4038 1409 4108 ratio
1434 4051 1600 4127 apparet.
1631 4034 1665 4104 S·
1682 4029 1841 4102 Paulinus
1860 4030 1983 4124 inepi·
2088 4090 2093 4105 .

594 4131 732 4205 cuidem
746 4133 851 4205 docto
864 4131 1046 4227 Theologo
1060 4156 1127 4204 non
1141 4134 1257 4226 place·
1319 4155 1506 4227 grammate
1520 4136 1648 4203 inserto
1662 4128 1826 4221 epistolae
1841 4127 1921 4201 llll.
1940 4130 1984 4203 ad

594 4232 652 4304 bat
670 4276 681 4312 ,
706 4228 786 4323 quia
799 4231 841 4301 ad
855 4230 1123 4303 sabellianorum
1140 4238 1258 4304 haere·
1317 4233 1481 4305 Severum
1497 4231 1545 4303 ita
1555 4227 1730 4323 loquiturs
1745 4234 1817 4299 vae
1827 4223 1911 4313 fides
1922 4228 1986 4300 tri·

593 4330 656 4404 sim
671 4350 710 4399 ea
722 4324 852 4400 locutio
867 4344 1002 4418 poterat
1025 4330 1224 4420 detorqueri
1242 4377 1253 4399 .
1315 4352 1360 4402 eo
1378 4326 1439 4402 sub
1470 4329 1601 4401 umine
1626 4349 1714 4427 quae
1742 4326 1824 4399 tolie
1843 4348 1948 4398 snum
1965 4360 1985 4385 ·

591 4428 733 4508 Areum
762 4424 908 4499 haeresis
933 4422 1203 4500 Sabellianorum
1220 4429 1256 4499 in
1317 4429 1497 4500 unanimes
1510 4427 1752 4524 trt'nosuset‘ps't
1768 4424 1923 4497 introite.
1939 4425 1982 4495 Et

595 4523 760 4617 suposita
773 4541 885 4608 esset,
914 4523 1009 4618 quod
1025 4523 1059 4595 in
1088 4524 1256 4598 Trinitate
1320 4527 1353 4600 iu
1371 4527 1501 4618 Natali
1515 4550 1599 4599 nono
1617 4544 1695 4618 post
1713 4522 1887 4604 medians
1908 4526 1986 4591 Fas·

595 4622 653 4695 uni
667 4625 832 4699 Personae
845 4621 1056 4695 trianomiua
1069 4645 1260 4697 accommo·
1319 4649 1375 4696 sus
1389 4626 1476 4697 enim
1491 4643 1656 4698 estonum
1673 4625 1759 4695 trito
1775 4618 1838 4690 seb
1849 4618 1982 4689 nomine

597 4721 787 4806 darent‚et
801 4722 939 4795 aliunde
954 4746 1021 4794 non
1035 4720 1147 4797 solum
1166 4723 1258 4815 apud
1319 4733 1475 4820 Regem.
1508 4727 1550 4798 Et
1568 4723 1601 4797 in
1629 4714 1817 4793 Aneedotis
1842 4732 1984 4788 curante

596 4820 879 4913 hymnographus
908 4840 1061 4895 recentes
1091 4868 1103 4904 ‚
1134 4844 1257 4895 verum
1318 4826 1449 4911 joanne
1466 4822 1616 4916 Aloysio
1631 4812 1870 4909 Mingarellios
1890 4821 1985 4886 Haec

599 4913 701 4989 stiam
727 4919 817 5005 apud
850 4938 984 4992 veteres
1012 4918 1256 4995 ecclesiasticos
1318 4924 1481 5015 trierem
1494 4931 1585 4991 Deus
1598 4912 1825 4987 snsseemina
1841 4928 1982 5009 αηρενς

600 5012 942 5112 poetat'lriuitashit
970 5020 1086 5094 serbis
1101 5020 1257 5117 expliee·
1318 5044 1384 5117 pro
1397 5018 1516 5117 quoio
1534 5012 1654 5087 eodioe
1682 5012 1867 5085 Mutatorii
1885 5011 1983 5108 lege·
