5084 6234
955 817 1605 921 rcoeesrasrrcts
1902 827 1969 957 “st

578 980 631 1066 tis
642 977 705 1069 vel
735 970 971 1089 rhythmicis
1001 997 1088 1058 toto
1117 970 1250 1058 saltem
1283 970 1464 1055 secundo
1494 972 1629 1061 seculo
1662 974 1868 1093 usurpatis
1898 978 1965 1066 in·

575 1097 692 1214 telligi
708 1099 825 1185 valet.
847 1088 1336 1209 CongruitTertullianus
1355 1087 1532 1203 ejusdem
1545 1093 1669 1180 ferme
1686 1095 1964 1211 aetatis(1)„:

573 1219 782 1318 „Coena
801 1239 936 1298 nostra
954 1212 1001 1295 de
1032 1209 1197 1294 nomine
1232 1205 1430 1293 rationem
1458 1213 1523 1297 sui
1553 1213 1756 1315 ostendit3
1787 1241 1961 1303 vocatur

574 1394 605 1439 „
634 1337 743 1421 enim
760 1361 907 1453 agape,
924 1330 966 1413 id
995 1328 1109 1443 quod
1127 1324 1285 1412 dilectio
1322 1327 1434 1443 apud
1458 1358 1624 1450 graecos
1654 1359 1711 1419 est
1733 1358 1835 1419 ctc..
1867 1338 1966 1425 Post

574 1514 604 1556 ,0
637 1483 787 1566 aquam
804 1450 1031 1535 manualem
1051 1510 1065 1547 ,
1082 1444 1290 1531 etlumina
1309 1447 1545 1564 utquisque
1570 1451 1620 1536 de
1635 1451 1849 1569 Scripturis
1863 1477 1963 1538 san-

576 1632 609 1674 „
639 1573 710 1656 ctis
725 1635 738 1672 ,
754 1570 816 1659 vel
828 1568 876 1651 de
894 1567 1058 1684 proprio
1076 1564 1240 1683 ingenio
1257 1589 1386 1679 potest
1403 1625 1416 1664 ,
1442 1597 1688 1685 provocatur
1716 1572 1760 1653 in
1778 1570 1963 1660 medium

573 1752 604 1793 „
637 1690 728 1775 Deo
747 1713 953 1790 canere„‚.
970 1690 1022 1772 Et
1040 1683 1114 1799 (a)
1132 1685 1180 1768 de
1204 1681 1468 1800 Conjugibus
1484 1687 1792 1789 Christianist„
1804 1691 1963 1780 Sonant

574 1868 606 1910 „
633 1807 736 1894 inter
753 1808 863 1890 duos
895 1804 1064 1922 psalmi,
1094 1830 1133 1890 et
1148 1803 1325 1914 hymni,
1357 1829 1396 1889 et
1411 1831 1557 1893 mutuo
1574 1831 1834 1924 provocant,
1869 1808 1965 1924 quis

575 1987 604 2030 „
633 1928 777 2012 melius
792 1929 882 2010 Deo
899 1953 977 2010 suo
994 1947 1140 2010 canet.
1169 1918 1286 2004 Talia
1305 1920 1495 2010 Christus
1518 1925 1690 2027 videns,
1721 1952 1761 2017 et
1788 1927 1965 2015 audiena

447 2045 454 2057 ’
570 2105 606 2151 ,,
636 2048 792 2163 gaudet
807 2109 863 2147 ,‚.

636 2190 708 2278 42.
740 2168 884 2278 Neque
901 2160 1151 2279 separandus
1179 2180 1236 2244 est
1266 2159 1319 2246 ab
1334 2159 1411 2246 hoc
1429 2160 1562 2248 seculo
1579 2160 1771 2252 Clemens
1785 2163 1964 2252 Alexan·

577 2279 722 2367 drinus
739 2283 953 2395 ,quamvis
968 2280 1120 2396 primos
1135 2277 1241 2384 tertii
1257 2277 1379 2362 seculi
1412 2307 1543 2365 annos
1574 2280 1774 2397 attigerit:
1799 2282 1871 2394 qui
1887 2281 1966 2399 (3)

574 2397 626 2484 de
660 2399 823 2488 canticis
841 2399 1173 2485 Christianorum
1203 2395 1509 2500 testificatur„.
1542 2397 1620 2483 llic
1652 2424 1710 2485 est
1737 2426 1853 2486 mons
1868 2403 1962 2486 Deo

575 2577 608 2620 „
637 2518 829 2617 dilectus,
856 2548 973 2603 mons
1002 2518 1195 2618 sobrius,
1212 2513 1329 2601 castis
1358 2519 1574 2606 umbrosus
1589 2517 1763 2604 materiis
1784 2574 1827 2602 ...
1847 2518 1893 2601 ln
1912 2545 1994 2621 eo,

571 2694 603 2738 „
634 2665 772 2722 autem
802 2638 1055 2723 bacchantur
1082 2666 1168 2721 non
1201 2632 1371 2719 fulmine
1404 2634 1502 2722 ictae
1524 2638 1686 2723 Sorores
1703 2637 1964 2741 Maenades,

576 2815 605 2857 ‚,
636 2755 805 2869 quaein
832 2755 980 2841 incesta
1007 2753 1271 2843 visceratione
1307 2753 1494 2839 carnium
1512 2753 1756 2857 initiantur;
1789 2752 1860 2842 sed
1884 2757 1963 2842 Dei

573 2934 602 2976 „
632 2875 733 2959 filiae
753 2873 947 2991 pulchrae
966 2902 1123 2990 agnae,
1151 2901 1256 2987 quae
1271 2873 1506 2960 veneranda
1526 2873 1654 2959 Verbi
1680 2874 1791 2989 orgia
1810 2901 1962 2961 conce-

573 3054 602 3096 „
632 2995 803 3092 lebnam,
823 2995 995 3078 chorum
1011 2993 1264 3078 moderatum
1289 3018 1604 3106 congregantes:
1621 2994 1770 3077 chorus
1788 2993 1968 3108 suntju-¹
1997 3048 2014 3064 ι

577 3161 607 3213 ‚·,
636 3112 714 3209 sti,
731 3112 936 3198 cauticum
954 3137 1011 3197 est
1026 3112 1205 3223 hymnus
1222 3109 1339 3223 Regis
1354 3106 1539 3195 omnium
1555 3146 1566 3198 ε
1582 3110 1758 3226 psallunt
1771 3111 1967 3215 Puellae,

581 3287 610 3329 ,‚
640 3228 764 3345 gloria
785 3229 969 3320 afficiunt
993 3228 1170 3346 Augen,
1196 3229 1417 3344 Prophetae
1445 3228 1676 3344 loquuntur
1690 3248 1710 3332 ;
1742 3229 1875 3317 editur
1894 3260 1967 3318 so-

581 3408 615 3448 „
643 3375 722 3431 nus
737 3348 914 3434 musicus
991 3347 1032 3432 si
1048 3346 1158 3446 velis,
1170 3372 1214 3433 tu
1233 3375 1399 3462 quoque
1418 3347 1575 3435 initiare
1597 3377 1609 3432 ι
1641 3372 1680 3434 ιι
1696 3348 1870 3433 chorum
1888 3348 1964 3434 du·

578 3525 606 3567 „
638 3486 814 3551 cescum
829 3466 994 3583 Angelis
1011 3464 1118 3551 circa
1134 3491 1227 3549 cum
1245 3529 1259 3568 ,
1277 3466 1350 3580 qui
1365 3491 1422 3551 est
1438 3466 1666 3585 ingenitus,
1684 3490 1723 3550 ct
1753 3469 1806 3553 ab
1822 3464 1967 3551 interi«

575 3645 608 3687 „
636 3608 683 3670 tu
701 3583 912 3685 alienus‚et
926 3583 1000 3699 qui
1016 3584 1125 3672 solus
1140 3610 1196 3671 est
1213 3614 1305 3674 vere
1322 3586 1435 3670 Deus
1450 3620 1461 3671 ε
1479 3616 1564 3670 una
1584 3580 1797 3673 nobiscum
1814 3607 1963 3670 canen·

574 3763 619 3818 „¹
638 3728 674 3787 te
706 3702 848 3790 Verbo
869 3705 957 3787 Deo
972 3762 1033 3805 ,,.
1066 3703 1117 3791 Ει
1136 3701 1210 3819 (4)
1246 3702 1428 3789 alludens
1458 3706 1511 3789 ad
1539 3705 1687 3791 usitata
1707 3703 1963 3790 Graecorum

577 3820 768 3912 convivia
785 3882 799 3924 ‚
819 3819 862 3904 in
890 3821 1041 3935 quibus
1055 3846 1144 3940 post
1158 3845 1302 3940 potum
1316 3817 1379 3905 vel
1395 3848 1537 3909 omnes*
1549 3820 1739 3924 alternis,
1755 3819 1817 3910 vel
1834 3819 1962 3935 aliqui

575 3940 651 4026 toli
675 3969 818 4026 canere
837 3965 1160 4041 consueverant,
1182 3943 1236 4028 ad
1253 3940 1533 4027 modestiorem
1554 3957 1719 4029 cantum
1743 3940 1787 4025 in
1814 3937 1972 4028 conviae

579 4058 656 4149 viis
675 4058 932 4151 christianos
969 4061 1227 4166 hortatur„:
1256 4063 1367 4147 Haec
1383 4084 1441 4149 cst
1470 4061 1678 4181 gratiosa,
1709 4084 1749 4150 et
1772 4057 1962 4180 jucunda

1533 4184 1627 4266 E2

585 4328 647 4407 cui
679 4336 831 4413 adhaeret
857 4363 899 4417 ex
933 4334 1144 4414 Theodoreti
1164 4338 1237 4435 opi·
1297 4358 1373 4411 rum
1388 4357 1525 4412 coetum
1541 4350 1677 4438 rania.
1701 4338 1850 4410 Proinde
1875 4335 1966 4428 hym·

583 4432 689 4502 nione
718 4432 865 4513 Valerius
895 4440 928 4514 in
945 4441 1050 4514 Notis
1078 4441 1120 4511 ad
1135 4440 1238 4511 Euse-
1298 4438 1362 4520 nl,
1387 4439 1579 4537 ptalmlqtte
1606 4486 1618 4523 ,
1649 4451 1683 4510 et
1714 4437 1828 4509 laudes
1852 4431 1963 4532 inspe-

583 4527 709 4611 bium,
735 4536 880 4622 addens,
913 4542 955 4611 de
971 4542 1022 4612 his
1040 4535 1238 4635 Hymnisin
1300 4539 1387 4608 croti
1412 4541 1559 4613 omnium
1585 4548 1656 4611 mo
1680 4548 1759 4633 port
1789 4524 1873 4603 baec
1902 4548 1963 4605 ett-

583 4630 752 4701 honorem
790 4631 873 4716 Jesu
909 4637 1041 4709 Christi
1086 4637 1239 4711 locutum
1302 4651 1456 4716 uantur.
1659 4692 1663 4721 ,,
1966 4684 1977 4710 ,.

582 4725 820 4823 Hippolytum
855 4731 888 4802 in
918 4736 1069 4806 oratione
1093 4740 1135 4808 de
1150 4736 1243 4808 Con·
1352 4741 1406 4824 (r)
1433 4731 1621 4825 Apologet'.
1647 4748 1784 4821 cap.39.
1811 4731 1883 4804 md.

582 4826 809 4900 summatione
828 4829 954 4903 Mundi
972 4842 1004 4903 in
1019 4835 1241 4918 fineAEodem,
1350 4840 1405 4922 (ι)
1432 4833 1488 4901 Ad
1504 4852 1647 4902 uxorem
1671 4828 1769 4902 hina.
1783 4850 1898 4996 cagq.

582 4940 623 4995 ut
643 4923 963 5021 videtunpertinet,
976 4934 1069 5026 quorl
1085 4932 1130 5003 alt
1148 4931 1243 5002 Con·
1351 4935 1407 5022 (3)
1426 4926 1529 4999 Orat.
1544 4924 1730 5001 hortatoria
1755 4928 1796 4999 ad
1851 4931 1959 4995 entes.

576 5021 751 5099 stentinns
773 5024 807 5101 iu
831 5028 1002 5105 Oratione
1032 5033 1075 5105 ad
1095 5029 1236 5105 Sancto·
1351 5032 1409 5127 (4)
1434 5024 1559 5105 Liba.
1575 5027 1902 5123 Paedogogmapq·
1944 5029 1972 5077 5¹
