5084 6234
690 787 774 907 146
1056 782 1218 870 ἈΒΕ
1279 784 1699 878 HYMr'NIS‘.

687 979 696 998 ι
800 921 1061 1024 Barbariem,
1093 949 1132 1010 et
1148 923 1338 1024 miseros,
1368 955 1448 1011 sese
1465 928 1617 1043 quibus
1635 926 1694 1012 illa
1712 950 1848 1014 tuetur
1868 989 1885 1030 ,

801 1046 1002 1133 Auctores
1017 1071 1213 1160 operum,
1241 1044 1448 1132 Romanae
1461 1047 1677 1164 opprobria
1696 1046 1884 1163 linguae..

693 1212 697 1220 ·
743 1165 840 1252 168.
876 1164 926 1251 Et
945 1191 990 1250 ut
1015 1162 1069 1248 ad
1086 1163 1260 1264 hymnos
1279 1161 1570 1253 Cluniacenses
1589 1192 1792 1266 revertor,
1825 1166 2068 1259 habuerunt

678 1285 800 1372 eriam
816 1283 866 1367 illi
886 1280 1083 1375 Monachi
1102 1282 1198 1368 alios
1216 1284 1390 1397 hymnos
1403 1284 1734 1398 antiquissimos,
1761 1315 1807 1373 ac
1828 1286 2067 1377 nominatim

679 1405 722 1488 in
739 1402 1084 1492 consuetudinibus
1099 1401 1411 1491 cluniacensibus
1440 1404 1658 1505 Uldarici,
1690 1404 1763 1518 qui
1798 1404 1936 1492 floruit
1960 1406 2067 1491 circa

679 1552 1010 1637 annum1070.,
1038 1521 1083 1609 fit
1098 1520 1251 1607 mentio
1283 1523 1425 1636 hymni
1458 1522 1580 1615 Flavii
1602 1522 1787 1639 Episcopi
1804 1524 2065 1613 Cabilonen-

678 1641 731 1728 sis
762 1672 851 1759 cap.
874 1672 975 1729 ω..
1014 1640 1166 1726 Praeter
1196 1643 1332 1730 solitus
1351 1643 1613 1761 antiphonas,
1641 1671 1738 1758 quoe
1768 1662 1862 1727 sunt
1876 1647 1924 1727 de
1939 1645 2067 1729 nua-

672 1761 794 1863 dnro,
825 1765 987 1849 liabetur
1014 1763 1178 1878 hymnus
1191 1762 1317 1849 Fusii
1341 1761 1460 1877 primi
1477 1760 1741 1862 cabilonensis
1771 1758 1990 1878 Episcopi(
2016 1760 2066 1875 ):

677 1881 807 1969 Tellus
823 1946 837 1985 ,
853 1913 901 1968 nc
912 1886 1061 1967 nerlera
1081 1877 1315 1991 jubilent-ln
1334 1883 1471 1999 magni
1485 1912 1599 1968 coeno
1612 1879 1801 1997 principis
1816 1911 1830 1981 3
1862 1905 1907 1967 ut
1926 1882 2066 1970 missos

574 2082 577 2090 .
674 2029 788 2090 nunc
818 2001 963 2085 faciam
993 2003 1169 2111 hymnos
1185 1998 1347 2088 Odonis
1378 2002 1423 2085 ll.
1463 1998 1636 2089 Abbatis
1666 1997 1952 2088 Cluniacensis
1981 2060 1996 2099 ,
2027 2023 2068 2089 et

673 2118 729 2202 V.
750 2119 854 2209 Petri
874 2116 1189 2219 Cluniacensis,
1221 2118 1474 2233 aliorumque
1493 2118 1671 2235 ejusdem
1691 2119 1907 2217 coenobii,
1939 2144 1977 2205 et
1995 2116 2063 2200 in-

671 2234 798 2324 stituti
818 2299 829 2323 .
861 2234 1140 2323 Nihilominus
1156 2239 1333 2350 hymnos
1365 2237 1748 2325 nitidiorcsSantolii
1768 2235 1973 2324 Victorini
1992 2237 2065 2347 hy·

673 2355 778 2443 mnis
791 2356 992 2447 veteribus
1000 2387 1094 2443 non
1111 2357 1235 2443 modo
1248 2356 1553 2474 praetulerunt,
1586 2356 1657 2443 sed
1673 2380 1721 2442 ut
1735 2354 1905 2445 refertur
1923 2355 1965 2439 in
1982 2354 2066 2438 Di·
2144 2451 2148 2457 Δ

671 2474 872 2564 ctionario
890 2477 1043 2561 Moreri
1056 2485 1180 2565 verbo
1196 2478 1362 2562 Sorueul
1374 2538 1402 2577 „
1437 2476 1579 2563 l’ordre
1597 2476 1639 2561 di
1661 2474 1818 2591 Clugni
1848 2475 1908 2560 lui
1926 2501 2069 2560 aecor·

670 2656 699 2696 „
732 2593 783 2683 da
804 2595 874 2679 des
888 2596 999 2681 leues
1017 2596 1065 2680 de
1084 2594 1289 2681 filiatione
1310 2595 1343 2681 le
1357 2597 1536 2710 gratifica
1573 2596 1614 2681 d’
1631 2623 1715 2681 une
1742 2593 1914 2708 pension
1930 2620 1982 2677 en
2001 2620 2066 2676 re-

669 2774 698 2813 „
729 2712 1022 2800 connoissance
1059 2713 1107 2799 de
1136 2743 1179 2800 ce
1196 2716 1346 2805 service
1375 2715 1480 2825 qu'il
1506 2715 1648 2804 venoit
1682 2713 1733 2797 de
1760 2709 1818 2795 lui
1838 2711 1983 2795 rendre
1997 2771 2063 2810 ‚,.

668 2831 820 2918 Prodiit
844 2859 979 2919 autern
1009 2832 1254 2922 breviarium
1278 2833 1559 2921 Cluniacense
1589 2828 1752 2918 Parisiis
1783 2858 1897 2915 anno
1936 2828 2064 2916 1686.

665 2946 781 3064 juxta
799 2952 990 3069 Regulam
1004 2956 1045 3037 S.
1061 2954 1297 3055 Benedicti,
1323 2980 1362 3041 et
1383 2981 1559 3040 mentem
1577 2950 1687 3037 Pauli
1708 2949 1762 3032 V.
1783 2952 1900 3033 Pont.
1919 2948 2064 3051 Max.;

667 3069 735 3155 cui
753 3071 1000 3173 Decretum,
1027 3101 1100 3157 seu
1114 3072 1410 3187 praefationem
1427 3070 1643 3191 praemittit
1658 3066 1900 3155 Emmanuel
1916 3063 2061 3152 Theo-

666 3185 864 3277 doricusa
880 3188 1011 3276 Turre
1030 3191 1252 3279 Arverniae
1270 3191 1508 3278 Cardinalis
1525 3187 1740 3278 Bullonius
1752 3251 1765 3289 ,
1779 3185 1962 3304 superior
1978 3184 2065 3271 Ge·

670 3306 816 3394 neralis
847 3308 1117 3403 Monosterii,
1146 3335 1186 3397 et
1202 3310 1358 3396 ordinis
1382 3306 1699 3409 Cluniacensis3
1732 3306 1874 3395 ubido
1896 3304 2063 3418 hymnis

668 3424 766 3522 ltaec
797 3428 942 3516 habet:
974 3429 1019 3514 ln
1042 3428 1193 3543 hymnis
1221 3458 1267 3511 eu
1298 3430 1523 3515 leesenrnto
1549 3449 1638 3523 est,
1672 3447 1716 3512 ur
1729 3424 1982 3511 retinerentur
2009 3423 2061 3508 ab

662 3541 863 3631 Ambrosio
879 3609 892 3647 ,
908 3546 1093 3647 Sednlio,
1117 3548 1321 3635 Prudentio
1335 3548 1466 3666 scripti
1482 3576 1493 3631 τ
1511 3545 1684 3634 nonnuli
1698 3546 1747 3631 alr
1771 3544 1926 3630 Urbano
1946 3539 2055 3631 Vlll.

661 3662 877 3765 emendnri3
913 3664 981 3751 olii
989 3667 1037 3750 de
1055 3696 1153 3754 nono
1170 3670 1396 3754 cuderentur
1409 3697 1539 3754 eorum
1555 3667 1660 3764 loco,
1677 3664 1719 3750 in
1736 3661 1871 3780 quibus
1885 3661 1947 3746 vel
1957 3688 2063 3744 rnen·

661 3809 749 3865 suro
766 3782 1081 3885 desiderabatur,
1110 3788 1275 3874 velcuro
1299 3786 1508 3874 sermonis.
1533 3784 1585 3870 lis
1594 3780 1766 3899 projicio
1795 3777 1947 3868 occessit
1969 3804 2060 3863 mo·

664 3897 843 4003 dolatio,
871 3933 920 3991 oc
947 3904 1148 4010 latinitas3
1172 3907 1256 4008 vis,
1286 3927 1324 3991 er
1332 3904 1458 4025 pietus
1486 3933 1562 3991 non
1580 3906 1712 3990 deest.
1741 3901 1847 3986 Doro
1880 3896 1980 3984 enim
1999 3923 2063 3983 ese

715 4109 767 4194 (a)
794 4104 895 4179 Extat
911 4106 943 4200 in
964 4108 1163 4206 Hymnario
1177 4110 1222 4181 V.
1240 4108 1332 4180 'lho-
1394 4108 1470 4181 dius
1482 4102 1654 4179 Robertus
1666 4102 1980 4176 Galliaciristiera
1996 4112 2068 4178 Pe·

669 4201 767 4273 masii
783 4204 846 4274 sub
862 4204 996 4279 nomine
1029 4207 1137 4280 Flavii
1171 4206 1330 4299 Episcopi
1392 4207 1937 4303 risiis16²6.‘peg.276.monet‚
1964 4226 2061 4276 erro·

668 4298 935 4382 cabilonensis,
965 4304 1025 4376 ubi
1055 4306 1187 4398 primus
1211 4327 1330 4377 versus
1392 4327 1577 4386 rement,
1606 4306 1697 4397 quod
1714 4302 1851 4374 Flavius
1867 4302 1957 4375 inter
1979 4303 2059 4373 Sao·

664 4400 856 4478 correctior
873 4400 1022 4495 legitur-e
1049 4404 1188 4486 Tellus,
1217 4426 1259 4474 er
1275 4425 1330 4474 ee·
1390 4400 1915 4497 etosEpiseoposCabilonenses
1924 4399 2058 4496 prietes

665 4497 741 4570 rhea
752 4499 924 4587 jubilant,
942 4512 979 4573 ot
994 4519 1077 4575 octo
1092 4501 1241 4598 Syllabis
1254 4525 1334 4573 eon·
1391 4501 1610 4585 collocetur,
1642 4519 1808 4595 putatque
1836 4500 1871 4572 id
1889 4497 2054 4570 accidisse

663 4594 1104 4696 eludatur.r0m.3.oalnte
1119 4600 1330 4672 chosroem·
1390 4626 1433 4673 ex
1447 4601 1561 4694 aliquo
1575 4603 1739 4673 mendoso
1765 4595 1957 4673 brevisrio.
1984 4592 2052 4665 Sed

666 4712 767 4767 mere.
778 4695 840 4785 fel.
858 4720 944 4794 439.
974 4700 1109 4773 Flavius
1139 4700 1327 4793 Episcopus
1388 4697 1524 4773 Flavius
1556 4699 1748 4772 nonsolum
1762 4696 1893 4793 primu
1920 4688 2053 4763 dieitur

665 4791 902 4870 Cabilonensis
918 4796 1077 4872 laudatur
1092 4799 1182 4873 cirea
1199 4821 1323 4873 annum
1387 4797 1421 4871 in
1452 4799 1643 4897 hymnariis
1655 4789 1847 4869 Cardinelis
1861 4787 2052 4874 Thomasiit

667 4891 779 4979 500„
810 4898 870 4969 sed
887 4914 964 4969 ante
996 4923 1074 4971 eum
1094 4898 1150 4972 alii
1176 4898 1324 4971 Cabilo·
1385 4898 1564 4972 sedetiam
1581 4899 1615 4968 in
1643 4885 1939 4965 consuetudinibus
1967 4885 2052 4962 clte-

661 5011 778 5067 neoses
793 4994 955 5091 Episcopi
971 5016 1200 5071 recensentur.
1214 4997 1326 5071 Clau·
1384 4996 1593 5075 sescentum
1606 4988 1786 5068 Vldsriei.
