5084 6234
874 812 1521 908 ncctrsrnsrrcrs
1785 849 1870 940 ῳ·

493 961 678 1055 matheus
703 956 975 1057 Buonamici‚
1008 955 1078 1071 qui
1098 954 1150 1040 ad
1165 985 1231 1042 eos
1247 959 1483 1074 praefatur,
1515 960 1691 1077 ingenue
1704 959 1869 1065 farctum

494 1081 640 1202 quod,
672 1078 701 1163 il
714 1074 867 1187 Prcfnto
897 1081 945 1162 R.
968 1076 1087 1161 Pndre
1115 1073 1251 1182 nonfh
1275 1075 1503 1188 Professione
1520 1079 1562 1163 di
1590 1078 1750 1164 Poeta..
1771 1082 1869 1166 nie

491 1208 715 1321 ltnpcgnoto
739 1195 933 1280 d‘imitore
953 1194 981 1278 il
987 1194 1057 1309 pili
1092 1196 1156 1278 che
1173 1198 1225 1278 hd
1226 1222 1373 1311 poturo
1406 1194 1593 1305 infrare,
1623 1199 1740 1284 estile
1763 1198 1870 1319 degli

490 1319 616 1410 hliuni
631 1312 803 1414 antichi,
831 1342 927 1430 poco
943 1375 956 1413 ‚
987 1312 1152 1396 onienre
1175 1313 1378 1399 curandosi
1392 1316 1414 1429 (
1428 1344 1533 1401 come
1546 1319 1596 1398 nd
1609 1316 1734 1432 eglino
1747 1348 1868 1405 nnco·

490 1467 534 1528 rn
543 1468 615 1555 per
629 1437 663 1519 lo
673 1431 744 1550 piu
762 1460 945 1517 curnrono
963 1429 1092 1543 >della
1105 1428 1345 1550 ³lunghc43o,
1377 1434 1563 1519 ohrevitd
1577 1433 1670 1517 delle
1699 1436 1860 1551 syllnbe.

491 1555 606 1645 Nihil
621 1556 699 1639 hoc
716 1548 872 1633 monito
889 1546 1104 1651 inutilius,
1124 1549 1224 1634 nihil
1237 1576 1376 1636 tamen
1395 1552 1552 1638 verius:
1570 1550 1673 1636 adeo
1690 1555 1863 1671 exleges,

486 1703 526 1762 et
545 1666 744 1759 inconditi
760 1692 858 1754 sunt
872 1668 1017 1780 hymni
1036 1669 1297 1768 Razziani,ut
1313 1668 1539 1785 legentibus
1557 1667 1693 1756 statim
1711 1698 1750 1756 se
1769 1701 1868 1787 pro-

488 1796 560 1879 dat
576 1784 802 1876 absurditas
825 1846 835 1869 .
870 1787 976 1899 Quis
994 1781 1129 1872 autein
1145 1788 1339 1900 antiquos
1367 1786 1408 1869 in
1429 1788 1476 1874 iis
1494 1785 1641 1876 imitari
1658 1788 1864 1894 voluerit,

487 1898 706 2023 inquibus
737 1934 806 1990 eos
822 1933 1005 2021 peccasse
1033 1904 1293 1992 manifestum
1310 1932 1396 2002 est,
1427 1935 1615 2022 quaeque
1642 1905 1716 2022 ipsi
1748 1908 1869 2024 primi

491 2026 731 2144 corrigerent
748 2086 762 2123 ‚
791 2023 823 2107 si
840 2026 918 2109 hoc
935 2049 1073 2109 nostro
1088 2048 1265 2144 tempore
1282 2024 1544 2111 scriberent?
1577 2053 1720 2115 verum
1736 2028 1786 2111 de
1806 2029 1870 2117 his

490 2145 725 2264 paulopost
754 2141 950 2228 uberius.
982 2142 1117 2253 Hujus
1130 2172 1297 2257 quoque
1325 2141 1514 2259 temporis
1531 2170 1630 2230 sunt
1662 2146 1796 2246 odae,
1827 2171 1868 2235 et

495 2267 639 2380 hymni
664 2259 871 2344 Benedicti
893 2259 1017 2345 Atiae
1036 2261 1260 2361 Montani,
1293 2260 1369 2347 viri
1398 2262 1613 2378 omnigena
1638 2263 1867 2351 eruditione

498 2376 677 2475 exculti,
693 2376 736 2459 in
755 2377 970 2489 quibus‚ut
986 2378 1191 2466 aitPetrus
1207 2380 1255 2465 de
1275 2378 1464 2467 Valentia
1483 2378 1526 2463 in
1543 2378 1793 2496 praefatione
1814 2381 1869 2468 ad

494 2497 714 2590 editionem
748 2493 1086 2613 Antuerpiensem
1129 2498 1316 2583 omnium
1348 2494 1453 2586 illius
1490 2524 1723 2616 poematum
1763 2487 1877 2586 anni¹

496 2618 621 2733 1589.
640 2678 654 2715 ,
688 2641 757 2698 nec
773 2612 996 2700 latinitatem
1015 2673 1029 2712 ,
1062 2645 1133 2702 nec
1153 2615 1344 2731 poeticum
1360 2617 1552 2733 leporem,
1583 2642 1621 2701 er
1635 2644 1836 2704 numerum
1851 2679 1873 2722 ,2

490 2765 559 2825 out
588 2733 763 2850 stylum,
792 2759 830 2817 er
844 2731 1070 2851 elegantium
1087 2735 1297 2821 derideres.
1328 2734 1409 2819 Sed
1424 2765 1492 2822 eos
1519 2733 1665 2822 rectius
1688 2736 1867 2823 Mosen-

492 2849 605 2953 σας,
636 2877 763 2967 quam
776 2852 934 2969 hymnos
948 2849 1211 2941 ecclesiasticos
1226 2849 1515 2971 appellaveris,
1545 2881 1641 2941 cum
1659 2852 1714 2937 ad
1728 2851 1878 2941 Eccle-'

491 2975 570 3060 siae
590 2997 741 3055 morem
759 2998 844 3070 non
862 2968 943 3055 sint
958 2971 1252 3057 accommodati
1276 3034 1287 3056 .
1308 2974 1437 3057 Nunc
1451 2972 1568 3085 quod
1584 2971 1754 3087 ajebam,
1771 2977 1868 3059 cum

491 3086 744 3180 Breviatium
760 3091 993 3172 Romanum
1027 3088 1207 3175 Concilii
1234 3087 1469 3175 Tridentini
1503 3088 1693 3186 decreto,
1724 3115 1763 3177 et
1796 3121 1879 3188 au·‚

499 3208 678 3297 ctoritate
707 3205 766 3289 Pii
780 3208 837 3291 V.
858 3204 1140 3319 recognitum,
1171 3207 1480 3318 restitutumque
1500 3234 1586 3310 est,
1617 3235 1741 3293 nemo
1756 3209 1867 3315 fuit,

491 3326 563 3441 qui
596 3326 770 3436 hymnos
802 3323 856 3407 ad
885 3320 1093 3411 latinitatis
1129 3387 1143 3427 ,
1175 3324 1445 3440 carminisque
1480 3326 1581 3444 leges
1632 3352 1866 3431 revocaret,

485 3440 670 3561 quamvis
700 3440 981 3543 lectionibus,
1012 3472 1083 3527 seu
1122 3444 1298 3531 historiis
1328 3444 1572 3531 Sanctorum
1617 3443 1679 3532 vel
1720 3459 1878 3530 emen-²

455 3562 679 3664 dandis,
720 3559 784 3648 vel
830 3558 1122 3762 componendis
1163 3562 1296 3660 Julius
1340 3562 1542 3677 Pogianus
1589 3559 1712 3648 luerit
1757 3561 1867 3650 deri-

488 3707 664 3798 guatus:
699 3676 772 3765 sed
799 3707 902 3792 quae
961 3708 1000 3761 m
1031 3679 1187 3769 invecta
1213 3707 1270 3766 est
1297 3680 1548 3791 hymnorum
1569 3680 1834 3767 commutatio
1847 3741 1875 3786 ,.

488 3826 534 3886 ut
548 3799 613 3885 alii
629 3796 709 3883 alio
727 3797 885 3886 diverso
900 3796 990 3883 loco
1009 3860 1023 3898 ‚
1055 3826 1140 3909 quo
1157 3797 1334 3914 primum
1351 3824 1485 3898 erant,
1516 3794 1747 3885 locarentur
1763 3799 1868 3917 (o).-

491 3918 684 4005 Muretus
700 3918 779 4004 sub
801 3914 907 4001 idem
925 3944 1081 4034 tempus
1099 3918 1275 4029 hymnos
1305 3914 1582 4002 ecclesiasticos
1595 3918 1867 4036 composuitrt·

1557 4063 1584 4122 2

546 4215 601 4298 (a)
626 4210 895 4305 [agoniaminius
915 4211 1026 4283 Vola.
1041 4214 1148 4309 Epist.
1210 4212 1361 4306 guirione
1386 4211 1497 4284 socios
1509 4216 1568 4286 dat
1583 4212 1733 4287 Matium
1765 4210 1867 4286 cali·

492 4306 576 4377 tutti
604 4312 747 4403 'Pogr‘m'
770 4312 805 4381 itt
819 4314 1010 4382 Antonini
1036 4313 1146 4383 Vitam
1207 4335 1286 4382 num
1304 4309 1511 4404 Episcopum
1526 4311 1745 4397 ledrensem,
1761 4310 1863 4403 Aegi·

357 4437 361 4443 ·
492 4404 592 4487 buius
605 4405 782 4478 historiam
808 4410 1052 4481 emendationis
1076 4413 1148 4480 bre·
1206 4408 1301 4483 dium
1341 4403 1576 4483 Fuscarteium
1621 4411 1684 4500 Ep.
1708 4405 1879 4490 nntius

491 4499 810 4576 ylariiauctotitare
834 4506 988 4578 Concilii
1006 4507 1146 4580 Triden·
1207 4508 1420 4579 leonardum
1448 4508 1619 4579 Marinum
1645 4507 1707 4598 Ep.
1721 4503 1881 4577 haurit?

492 4598 551 4669 tini
568 4603 744 4674 confectae
768 4605 896 4685 docte,
921 4622 956 4675 et
976 4606 1147 4699 eleganter
1207 4630 1283 4677 nen.
1300 4603 1539 4675 .Franciseum
1567 4604 1743 4674 Fufetium
1763 4600 1866 4675 ordi·

492 4700 735 4793 persequitur.
764 4702 1037 4786 correctiones,
1065 4727 1145 4795 quas
1207 4706 1255 4775 nis
1285 4700 1506 4775 Dominicmi
1547 4697 1773 4780 lusitanum,
1801 4697 1879 4795 qui

494 4791 848 4873 Cartnalnsiekrus
874 4800 1041 4872 faciendas
1066 4825 1145 4873 ceo·
1206 4804 1356 4872 cettead
1378 4796 1638 4871 Cetechismum
1669 4796 1882 4871 Romanum¹

494 4912 603 4970 suetae
619 4945 629 4977 ,
648 4921 690 4968 ex
705 4902 920 4992 autographo
935 4898 1053 4969 coelice
1067 4920 1147 4991 pro·
1206 4921 1284 4969 cum
1304 4901 1352 4968 lu's
1364 4898 1485 4968 'tribus
1506 4894 1791 4970 emuttibendum
1809 4897 1884 4967 ἅθ’

496 4988 618 5063 ducit.
643 4995 1145 5081 Sialetoiununumotrneo·
1205 4995 1314 5069 lectus
1342 5013 1394 5070 est
1411 5042 1424 5078 ‚
1439 4997 1585 5071 liberter
1604 5020 1683 5071 eum
1714 4990 1863 5070 Nitolro

1765 5223 2164 5509 ‚fl
