5084 6234
1080 829 1199 900 -m
1227 808 1305 903 X‘l
1332 822 1448 892 ew·

572 994 812 1122 110638.
836 1067 856 1119 ‚
882 988 1006 1102 vn
1029 990 1329 1122 ann0646.
1367 1059 1387 1113 ,
1417 980 1568 1097 Vnt
1598 1012 1751 1094 anno
1782 987 1953 1122 6534,

576 1153 648 1266 X
668 1185 821 1261 anno
842 1157 995 1278 656,
1017 1142 1357 1260 Emeriteose
1377 1176 1530 1252 anno
1548 1149 1707 1271 666,
1729 1136 1957 1258 Toleta-

579 1346 719 1423 num
736 1309 833 1418 XI.
858 1344 1008 1417 anno
1027 1315 1102 1448 67
1110 1343 1199 1436 5.
1226 1307 1548 1417 Bracarense
1566 1302 1696 1434 III,
1713 1296 1836 1414 aliis
1853 1303 1949 1418 IV.

582 1478 876 1606 ann0675
864 1546 901 1597 s
926 1463 1251 1581 Toletannm
1265 1461 1389 1573 XII.
1410 1496 1563 1572 anno
1581 1468 1714 1572 681.
1731 1460 1951 1592 ,XVII

580 1660 731 1737 anno
745 1632 878 1764 694
867 1703 921 1753 ι
958 1624 1174 1779 aliaque
1199 1614 1586 1772 amplissimam
1614 1616 1833 1733 dicendi
1862 1660 1956 1738 co·

580 1780 728 1935 piam
747 1780 883 1894 mihi
903 1778 1351 1937 suppeditarent,
1385 1817 1525 1932 quae
1559 1803 1750 1892 tamen
1771 1817 1956 1938 neque

580 1936 756 2122 hujus
767 1937 901 2073 loci,
920 1980 1099 2095 neque
1118 1973 1281 2122 porro
1297 1936 1598 2054 necessaria
1619 1964 1737 2070 est,
1757 1968 1955 2060 utnon

583 2096 761 2253 iniqui
803 2138 976 2213 rerum
1013 2100 1389 2214 aestimatores
1422 2095 1755 2276 singularem
1799 2129 1959 2214 vete·
2117 2096 2123 2107 ’

581 2296 701 2371 rum
733 2262 954 2371 Parrum
991 2253 1494 2436 Hispaniensium
1476 2290 1539 2366 ιιι
1563 2254 1754 2370 ordine
1783 2252 1958 2372 officii

585 2413 940 2529 ecclesiastici
971 2417 1271 2533 excolendo
1293 2411 1662 2590 sapientiam,
1690 2413 1959 2527 studium·

578 2612 686 2727 que
709 2572 1079 2687 admirentur.
1104 2582 1256 2690 Zeno
1279 2572 1574 2727 Episcopus
1589 2568 1953 2721 Hispalensis,

582 2730 899 2847 Profuturus
918 2732 1281 2863 Bracarensis,
1309 2734 1539 2870 loannes
1574 2724 1776 2844 Abbas
1790 2728 1961 2866 Bicla-

587 2887 753 3003 tensis
773 2886 1069 3020 ,Martinus
1087 2886 1435 3018 Dumiensis,
1456 2886 1959 3023 Petrnsllerdensis,

589 3050 876 3180 Leander,
919 3043 1203 3182 Isidorus,
1244 3042 1558 3161 Conantius
1596 3041 1960 3187 palentinus,

591 3208 816 3346 loannes
837 3206 1422 3363 Caesaraugustanus,
1434 3203 1717 3355 Eugenius
1746 3205 1962 3345 Iunior,

590 3360 829 3504 Julianus
872 3360 1224 3498 Toletanus,
1281 3404 1342 3477 ac
1375 3361 1639 3540 permulti
1672 3362 1770 3476 alii
1807 3363 1959 3479 libris

594 3518 973 3637 ecclesiasticis
992 3444 1468 3699 recognoscendis,
1473 3520 1792 3698 augendis,
1825 3521 1964 3637 ordi·

593 3679 788 3795 nandis
815 3709 1095 3795 aeternam
1139 3675 1258 3793 sibi
1279 3676 1515 3793 nominis
1542 3678 1798 3815 famam,
1843 3680 1967 3796 lau·

589 3840 822 4015 demque
854 3834 1221 3954 immortalem
1253 3864 1622 3992 pepererunt.
1657 3845 1733 3962 Et
1771 3759 1960 3952 Isidori

592 3995 813 4148 quidem
832 4033 966 4145 opus
985 3998 1060 4108 de
1073 3993 1270 4112 divinis
1295 3990 1484 4111 officiis
1507 4023 1574 4110 ut
1601 4026 1864 4148 tempore,
1879 3995 1964 4109 ita

602 4152 770 4266 eriam
816 4151 1183 4289 eruditione,
1217 4189 1278 4270 et
1310 4150 1609 4333 elegantia
1611 4151 1866 4336 reliquos
1904 4195 1965 4268 o·

595 4344 766 4443 mnes,
782 4339 1064 4467 quotquot
1093 4340 1316 4446 extant,
1336 4307 1496 4459 hujus
1521 4310 1735 4464 generis
1761 4341 1963 4426 tracta-

599 4479 687 4578 ru's
709 4468 1021 4584 antecellit·
1005 4500 1212 4623 a,tque
1247 4470 1457 4587 adeoiu
1491 4466 1899 4589 collectione
1849 4513 1964 4621 ejus

598 4659 911 4776 argumenti
893 4625 1408 4759 lucubrationum,
1448 4667 1606 4809 quarn
1628 4630 1963 4814 Hittorpius,
2072 4701 2076 4710 ·

597 4782 799 4934 aliique
822 4816 1232 4934 procurarunt,
1242 4789 1478 4943 primum
1498 4788 1648 4904 inter
1677 4791 1971 4943 scriptores

594 4937 780 5082 Iocum
821 4940 1042 5062 obtinet
1074 4946 1344 5081 Isidorus,
1390 4980 1726 5191 atqup,
1590 4943 1726 5083 ita,
1734 4980 1834 5074 ut
1864 4948 1966 5098 qui

1585 5128 1614 5195 2
