5084 6234
879 793 1426 891 tttsrntttctt
1757 828 1841 927 349

753 954 963 1037 Precemur
994 974 1088 1062 crgo
1122 939 1319 1057 supplices
1353 1001 1369 1043 ,

815 1068 1056 1179 Redemptor
1082 1087 1131 1148 ut
1161 1088 1235 1144 nos
1266 1058 1423 1159 visitet,

820 1190 967 1270 Rorate
1004 1179 1098 1265 caeli
1134 1178 1338 1290 desuper,

817 1304 851 1387 E
875 1300 1058 1387 nubibus
1085 1300 1223 1394 iustus
1253 1293 1405 1407 pluat.

758 1420 800 1507 O
829 1421 966 1505 lumen
1000 1438 1209 1500 aeternum
1240 1411 1397 1514 Patris,

785 1571 787 1581 ¹
814 1532 856 1624 O
884 1531 980 1623 dux'
996 1533 1195 1635 Adonai,
1224 1528 1401 1615 maxime

810 1655 1045 1759 Densensor
1068 1712 1080 1751 ,
1110 1681 1136 1735 ο
1158 1649 1301 1748 lesseia

812 1774 980 1858 Virente
1016 1764 1132 1851 radix
1163 1765 1373 1884 germine.

753 1890 795 1977 O
820 1889 965 1989 clavis,
997 1910 1037 1971 et
1068 1883 1294 1973 Davidicae

809 2006 987 2094 Sublime
1018 2029 1223 2119 sceptrum
1248 2002 1408 2119 regiae,

811 2125 853 2210 O
884 2125 942 2210 sol
972 2122 1050 2210 sub
1083 2148 1207 2221 ortu,
1243 2121 1428 2238 gentium

812 2244 853 2325 O
884 2268 1040 2335 rector,
1068 2267 1094 2320 o
1113 2236 1356 2322 Emmanuel

751 2357 894 2455 Veni,
926 2379 1020 2439 tuac
1055 2381 1106 2435 ne
1133 2350 1292 2438 differas

811 2471 958 2557 Salutis
986 2467 1305 2586 indulgentiam,

813 2590 1000 2703 Antiqua
1027 2588 1174 2673 mundi
1207 2584 1379 2675 crimina

814 2712 937 2798 Novo
969 2705 1335 2796 resolvefocdere.

1440 2826 1482 2910 H
1511 2825 1541 2912 h
1573 2854 1599 2913 a

460 3028 612 3101 Concilii
624 3029 664 3099 Χ.
675 3027 828 3101 Toletani
844 3030 1037 3103 instituendi
1053 3035 1121 3102 hoc
1182 3045 1252 3099 esc.
1269 3029 1477 3102 Benedictus
1496 3028 1655 3099 Pontifex
1670 3025 1765 3098 XIV.
1778 3024 1839 3100 lib.

458 3129 581 3199 festum
612 3130 673 3196 sub
689 3126 789 3196 titulo
816 3126 1120 3207 annunciationis,
1182 3128 1220 3193 de
1246 3126 1340 3212 festis
1370 3135 1414 3195 B.
1438 3132 1489 3194 M.
1524 3127 1672 3220 Virginis
1692 3124 1836 3209 asserit,

462 3227 554 3316 quod
574 3225 655 3294 olim
674 3221 706 3291 in
719 3222 919 3313 quibusdam
935 3222 1119 3314 Hispaniae
1179 3222 1378 3315 Hispanos,
1404 3244 1481 3293 cum
1498 3223 1665 3295 Ordinem
1702 3221 1856 3293 Roma?

458 3320 616 3392 Ecclesiis
639 3323 692 3390 die
709 3338 765 3401 ις.
782 3319 897 3390 Martii
927 3320 1119 3390 celebraba·
1179 3342 1258 3391 num
1279 3319 1485 3414 recepissent
1500 3346 1563 3403 ‚ex
1579 3341 1691 3412 eoque
1710 3319 1835 3392 festum

456 3438 535 3489 tur.
567 3416 764 3489 Concilium
794 3440 878 3488 vero
903 3418 1116 3509 praedictum
1178 3418 1534 3492 Annuntiationisdie
1560 3415 1750 3504 25.Martii
1780 3438 1837 3488 ee·

458 3518 570 3587 voluit
602 3518 760 3605 deinceps
794 3514 957 3610 celelirari
984 3515 1039 3588 die
1060 3518 1119 3586 18.
1178 3517 1347 3588 lebracent
1373 3565 1384 3598 ,
1415 3516 1607 3597 locohuius
1637 3510 1834 3585 solemnita-

459 3613 689 3685 Decembris.
716 3614 748 3682 S.
765 3613 952 3683 ildefonsus
984 3630 1057 3685 erat
1074 3635 1117 3683 eo
1179 3612 1220 3685 tis
1234 3614 1411 3686 translatae
1425 3616 1623 3705 subrogasse
1631 3611 1754 3683 festum
1766 3608 1834 3684 Ex·

460 3726 614 3801 ternpore
659 3711 772 3779 Abbas
809 3708 1010 3799 Agallitnsis
1040 3758 1052 3791 ,
1082 3725 1116 3778 et
1176 3710 1377 3802 pectationis
1416 3725 1529 3802 partus
1555 3756 1566 3778 .
1595 3708 1725 3779 Exinde
1771 3728 1834 3777 vo·

460 3808 734 3879 Concilionll.
751 3805 915 3877 Toletano
932 3804 1115 3879 interalios
1177 3809 1333 3877 rabulum
1378 3804 1630 3897 Expectationis
1661 3819 1833 3896 tamquam

462 3906 611 3977 Abbates
626 3904 836 3995 subscriptus
851 3902 1001 3996 legitur.
1016 3903 1115 3995 Qlim
1176 3907 1276 3986 hujus
1291 3904 1359 3975 diei
1380 3903 1554 3995 proprium
1571 3901 1722 3973 habitum
1741 3899 1831 3991 luitg

457 3998 591 4072 diversa
619 4003 751 4073 nomina
780 4005 845 4072 hoc
863 3999 984 4072 festum
1014 4000 1117 4071 sorti·
1175 4021 1209 4074 et
1228 4006 1320 4095 quod
1339 4005 1430 4082 aiunt
1445 4001 1586 4094 Hispani
1601 4000 1755 4091 sinestra
1773 4005 1833 4073 Se·

460 4111 532 4165 tum
560 4096 636 4172 citt
667 4100 843 4170 dicebatur
871 4099 965 4171 ‘enirn
999 4109 1116 4170 conce·
1173 4102 1254 4173 liora
1284 4104 1322 4171 de
1350 4100 1384 4172 la
1404 4108 1457 4182 0,
1487 4099 1691 4190 utexplieat
1711 4096 1840 4169 Petrus.

453 4193 525 4291 pn’o
546 4194 690 4276 christi,
716 4197 949 4267 annuntiato
965 4197 1087 4267 christi
1102 4244 1115 4280 ,
1175 4203 1217 4269 de
1237 4197 1461 4270 Ribadeneiea
1477 4200 1517 4268 ad
1535 4200 1619 4269 lianc
1632 4197 1721 4268 diem
1736 4242 1747 4276 ,
1760 4198 1834 4266 orl·

459 4291 692 4360 annunciatio
733 4295 906 4364 Dominicis
938 4343 949 4376 ,
977 4296 1114 4366 letitiam
1175 4296 1286 4389 ginem
1324 4296 1490 4369 duriter
1520 4295 1712 4386 antiphonis
1745 4290 1834 4362 tine·

457 4390 727 4483 Redemptionis,
759 4393 991 4463 annunciatio
1023 4392 1114 4461 chri·
1176 4416 1215 4464 sa
1247 4400 1286 4463 0.
1303 4395 1486 4484 praemissa,
1512 4392 1678 4485 insignitis
1704 4437 1716 4470 ,
1744 4408 1834 4478 quae

455 4487 499 4555 sti
514 4488 547 4554 t'n
563 4486 725 4578 Virgine,
753 4490 984 4561 annuntiatio
1000 4497 1118 4559 ΒΜΔ·
1178 4495 1239 4562 hac
1267 4492 1323 4563 die
1339 4490 1563 4571 inchoantur,
1579 4509 1612 4560 et
1627 4483 1756 4578 magnis
1771 4506 1835 4557 vu·

456 4585 556 4666 riae,
577 4581 794 4654 Denunclatin
810 4594 848 4652 B.
864 4587 1021 4668 Mariae,
1036 4596 1119 4655 Pas·
1178 4588 1274 4660 cibus
1307 4591 1530 4661 decantantur
1554 4634 1565 4655 .
1608 4587 1646 4655 ld
1676 4577 1842 4656 accidere*

457 4683 503 4750 sio
535 4681 657 4751 christi
673 4730 684 4751 .
713 4682 750 4752 ln
780 4680 969 4753 isidoriano
998 4682 1118 4756 codice
1179 4709 1244 4757 non
1259 4685 1449 4775 potuitnisi
1476 4700 1552 4774 post
1564 4682 1666 4753 officii
1681 4678 1830 4754 Romaiu
1905 4706 1907 4709 ’

456 4775 645 4851 Blanchinii
669 4781 845 4871 plusquam
866 4778 1052 4850 millenario
1072 4779 1120 4852 ira
1177 4782 1333 4853 ordinem
1361 4781 1392 4851 in
1424 4779 1596 4873 Hispaniis
1612 4797 1830 4868 susceptum.

455 4896 657 4959 annotatur,
677 4887 724 4945 De
737 4876 987 4948 assectatione
1001 4883 1119 4948 &Ma-
1175 4880 1265 4950 Nam
1294 4880 1327 4948 in
1340 4877 1455 4949 officio
1466 4877 1696 4951 ecclesiastlto
1710 4875 1832 4949 Moza}

453 4972 548 5055 riae,
572 4977 606 5045 ἐκ
629 4999 696 5073 qua
723 4975 865 5058 Verbum
885 4998 962 5046 caro
985 4975 1115 5065 lactan
1176 4974 1293 5049 sabico
1331 4974 1463 5051 nullum
1508 4975 1692 5073 vestigium
1722 4997 1827 5067 eppa·
