5084 6234
686 846 773 961 382
1100 832 1669 924 CONVERS'IO

685 1013 821 1075 unum
845 985 1049 1067 Pastorem
1062 978 1259 1067 instituit.
1306 977 1330 1028 *
1364 974 1596 1062 CuiaDeo
1627 1001 1839 1064 aeternum
1869 982 2086 1096 meritum,

685 1106 765 1192 nisi
796 1130 894 1185 vero
929 1095 1146 1183 Catholico
1178 1096 1385 1185 Recaredo
1408 1092 1545 1212 Regii
1568 1093 1621 1185 u.
1644 1093 1731 1181 Cui
1762 1127 1784 1183 a
1812 1098 1906 1186 Deo
1940 1131 2069 1195 aeter-

690 1254 743 1310 na
774 1248 924 1309 corona
943 1278 957 1317 ,
977 1213 1054 1300 nisi
1074 1246 1169 1302 vero
1188 1216 1418 1302 orthodoxo
1439 1214 1535 1329 Regi
1552 1212 1574 1296 i
1599 1212 1714 1300 Cui.

1266 1333 1393 1418 lectio
1423 1334 1489 1420 VI.

748 1456 948 1573 Insignem
981 1451 1148 1567 religiosi
1196 1451 1391 1563 Principis
1425 1450 1612 1566 pietatem
1657 1453 1894 1540 universum
1922 1450 2075 1547 Conci·

690 1577 793 1663 lium
822 1572 964 1672 laetis,
994 1568 1215 1681 faustisque
1258 1569 1613 1656 acclamationibus
1630 1569 1813 1685 excepit,
1844 1605 1948 1687 quas
1974 1576 2076 1662 mul·

692 1720 755 1783 tae
789 1689 934 1777 deinde
970 1686 1125 1794 Synodi
1150 1714 1248 1774 sunt
1279 1687 1486 1773 imitatae.
1510 1686 1655 1772 Ariani
1685 1686 1899 1804 Episcopi,
1927 1692 2075 1807 aliique

693 1816 881 1898 Proceres
911 1806 1136 1923 exemplum
1156 1806 1274 1922 Regis
1307 1806 1472 1918 sequuti
1499 1805 1783 1921 professionem
1819 1806 1929 1892 Fidei
1967 1811 2080 1925 pari-

694 1955 754 2018 ter
778 1924 1043 2040 subscriptam
1072 1920 1308 2010 obtulerunt
1340 1983 1351 2006 .
1383 1923 1549 2035 Quibus
1581 1923 1750 2039 peractis
1781 1984 1794 2021 ,
1825 1926 1947 2012 multa
1981 1958 2089 2015 san-

696 2072 790 2149 cte,
816 2071 855 2132 et
889 2042 1035 2128 utiliter
1069 2038 1112 2123 in
1144 2037 1334 2127 Concilio
1362 2036 1535 2125 stabilita
1565 2065 1691 2141 sunt,
1718 2044 1789 2127 sed
1825 2043 1926 2127 illud
1953 2046 2090 2160 potis--

694 2162 843 2255 simum
876 2158 1070 2247 ttecaredi
1105 2157 1271 2244 consilio
1307 2222 1320 2259 ,
1354 2184 1393 2243 et
1417 2157 1649 2257 suasione,
1691 2187 1739 2245 ut
1775 2160 1818 2243 in
1851 2160 1989 2246 missae
2017 2172 2083 2250 sa·

695 2282 846 2373 crificio
866 2276 1094 2392 symbolum
1113 2275 1221 2361 Fidei
1233 2305 1341 2361 more
1353 2273 1548 2361 Ecclesiae
1567 2277 1768 2364 orientalis
1782 2279 1886 2363 clara
1903 2308 2001 2365 voce
2023 2282 2080 2365 di.

698 2427 854 2491 cetetur
879 2430 893 2497 3
921 2425 1004 2511 qua
1036 2391 1145 2479 nulla
1196 2395 1238 2476 in
1271 2391 1444 2479 Ecclesia
1485 2393 1728 2480 occidentali
1761 2394 1966 2508 antiquior
1999 2427 2081 2484 me-

696 2520 827 2607 moria
861 2540 974 2602 extat
996 2509 1166 2620 symboli
1189 2511 1232 2595 in
1254 2512 1393 2597 missae
1423 2510 1624 2598 solemniis
1639 2512 1782 2628 recepti
1804 2576 1815 2598 .
1835 2514 1875 2596 S.
1900 2516 2083 2604 Leander

698 2636 945 2739 luculentam
961 2629 1166 2718 homiliam
1194 2628 1368 2730 babuit,
1399 2657 1482 2740 qua
1514 2630 1699 2716 omnium
1733 2632 1889 2716 animos
1925 2631 1978 2715 ad
2008 2634 2087 2720 lae·

699 2755 861 2853 titiam,
893 2776 933 2836 et
961 2749 1015 2833 ad
1047 2748 1153 2834 diem
1167 2747 1310 2835 festum
1341 2745 1626 2834 celebrandum
1658 2748 1843 2836 excitavit
1876 2808 1890 2847 ,
1924 2778 2087 2865 magno·

700 2901 792 2993 pere
804 2871 1023 2958 cohortans
1039 2926 1053 2966 ,
1091 2872 1137 2952 u't
1167 2895 1241 2981 pro
1269 2864 1397 2979 regis,
1425 2865 1617 2979 regnique
1645 2865 1848 2980 temporali
1879 2864 2086 2971 felicitate,

701 3014 964 3101 aeternaeque
985 2984 1133 3104 gloriae
1164 2980 1451 3094 consecutione
1470 2980 1652 3071 divinam
1671 2981 1914 3099 majestatem
1944 2982 2088 3102 depre-

703 3136 922 3195 carentur.

717 3295 721 3304 .
763 3238 820 3319 R.
866 3225 949 3338 lpse
968 3250 1170 3311 novarum
1189 3220 1369 3338 plebium
1385 3218 1427 3299 in
1455 3216 1631 3303 Ecclesia
1648 3218 1847 3304 catholica
1877 3219 2090 3336 conquisi-

704 3368 767 3431 tor
787 3335 935 3454 .*lp'se
951 3364 1152 3425 mercatur
1168 3339 1360 3425 veraciter
1381 3332 1646 3452 apostolicum
1664 3337 1851 3423 meritum
1871 3338 1973 3454 ,qui
1987 3366 2090 3452 apo·

702 3459 885 3547 stolicum
902 3454 1080 3571 implevit
1098 3456 1292 3541 officium.
1314 3452 1457 3567 illpse
1476 3450 1526 3539 sit
1539 3455 1642 3554 Deo,
1658 3477 1697 3538 et
1714 3455 1951 3543 hominibus
1972 3481 2087 3539 arnad

704 3576 808 3675 bilis,
832 3571 904 3687 qui
924 3601 1005 3657 tarn
1021 3573 1254 3662 mirabiliter
1273 3575 1406 3657 Deum
1422 3568 1661 3687 glorificavit
1677 3570 1720 3654 in
1737 3574 1847 3660 terris
1862 3597 2087 3689 praestante

703 3690 890 3780 Domino
911 3719 1052 3779 nostro
1083 3695 1176 3788 lesu
1193 3689 1360 3777 Christo
1378 3749 1389 3772 .
1425 3689 1511 3816 lpse
1533 3751 1545 3775 .
1576 3688 1746 3778 Gloria.
1783 3695 1867 3809 lpse
1886 3693 1910 3807 (
1931 3688 1968 3804 ).

758 3934 811 4020 (a)
835 3924 934 3999 Nihil
959 3943 1008 3996 est
1039 3925 1070 3995 in
1100 3922 1301 3995 lectionibus
1319 3923 1366 3994 af·
1425 3921 1562 4004 siastico
1573 3924 1687 3996 officio
1708 3942 1789 3997 aunt
1804 3926 1958 3998 alienae..
1986 3922 2025 3992 ln
2040 3920 2092 3992 ie·

708 4027 879 4099 firmatum
908 4073 920 4105 ,
956 4022 1018 4093 nisi
1052 4045 1095 4092 ex
1123 4019 1364 4093 Conciliolli.
1425 4037 1478 4091 sto
1493 4020 1755 4105 orthodoxiae,
1786 4029 1856 4095 rive
1870 4018 2090 4100 extinctionis

709 4120 912 4217 Toletano,
951 4120 1215 4211 auctoribusque
1246 4118 1368 4209 proba·
1427 4115 1572 4187 haeresis
1585 4117 1874 4194 iconoclastarum
1888 4120 2091 4212 apudGrae·

711 4216 851 4291 tissimis
884 4221 1127 4308 depromptum
1154 4265 1167 4299 ,
1197 4217 1290 4307 quad
1320 4237 1371 4285 su·
1428 4235 1486 4285 cos
1502 4213 1629 4309 legitur
1646 4216 1676 4287 in
1692 4216 1771 4290 Oda'
1788 4219 1816 4292 1.
1831 4211 1940 4290 Hodie
1953 4217 2018 4287 Dei
2032 4236 2093 4287 ntt·

711 4337 959 4411 pervacaneum
977 4332 1027 4383 est
1046 4312 1201 4403 pluribus
1215 4310 1304 4381 velle
1318 4315 1372 4382 de·
1431 4325 1493 4391 ru,
1520 4328 1551 4383 et
1576 4312 1752 4387 uoluntate
1777 4316 1962 4414 triumphat
1979 4311 2094 4385 little*

714 4432 916 4495 monstrare,
930 4434 1010 4483 cum
1031 4409 1124 4480 obvii
1148 4412 1256 4480 fontes
1273 4408 1370 4479 cuili·
1429 4410 1480 4480 tia
1507 4408 1652 4502 Regibus
1683 4413 2015 4496 nostrisMicbaele,
2040 4424 2095 4481 at·

713 4516 772 4585 bet
788 4529 922 4605 pateant
943 4557 954 4578 .
979 4506 1231 4599 Responsoria‚
1256 4524 1290 4578 et
1304 4530 1375 4577 ver·
1435 4528 1498 4604 que
1516 4506 1685 4592 Theodora
1710 4513 1767 4609 pie
1782 4513 1892 4584 rident
1917 4511 2094 4585 uindicare

712 4609 811 4681 siculi
839 4634 882 4681 ex
896 4606 1026 4701 puris,
1063 4605 1154 4698 puris
1173 4603 1313 4685 verbis,
1341 4622 1375 4676 et
1435 4600 1546 4676 tibus.
1575 4606 1611 4678 In
1638 4609 1980 4683 oblitteramus
1997 4603 2094 4676 chri·

714 4706 1015 4783 acclamationibus
1031 4703 1279 4797 Episcoporum
1296 4725 1377 4773 con·
1403 4697 1405 4702 ’
1435 4718 1546 4784 stam,
1577 4706 1637 4801 qai
1665 4704 1758 4780 nobis
1786 4708 1948 4808 Reginam
1972 4697 2092 4786 causti·

713 4817 813 4882 stant,
828 4826 973 4893 quorum
991 4802 1197 4875 auctoritate
1212 4802 1373 4873 idoneum
1436 4802 1501 4869 tuit
1522 4802 1616 4899 piam
1645 4807 1836 4877 amatricem
1866 4798 1986 4876 censer·
2027 4815 2095 4874 rna

714 4899 903 4996 quaesitum
932 4917 984 4971 est
1016 4900 1083 4972 illis
1113 4898 1372 4994 patrocinium.
1434 4920 1508 4971 cum
1533 4903 1685 4995 germine
1713 4928 1733 4972 a
1758 4910 2029 4971 neocororum·
2055 4894 2097 4966 ln

715 4998 840 5095 Neque
857 4996 1049 5082 huiusmodi
1065 4997 1180 5073 laudet
1195 5001 1236 5088 ab
1262 4999 1374 5073 eccle·
1432 4997 1514 5071 Oda
1528 4999 1592 5072 vt.
1613 5000 1739 5071 Veteris
1750 4995 1932 5095 splendoris
1947 4997 2098 5069 urerent
