5084 6234
695 839 776 927 140
1069 796 1639 889 3'DEHYMNIS

684 973 749 1036 'res
764 932 908 1059 hymni
925 944 969 1025 in
988 935 1393 1056 melioremiformam
1415 942 1718 1059 redigerentur.
1753 942 1937 1056 Aiebant
1962 946 2074 1038 enirn

670 1065 812 1180 ¹‚aliqui
832 1127 844 1163 ,
861 1062 1030 1147 Accessit
1047 1059 1214 1143 latinitas
1230 1058 1415 1160 ,recessit
1429 1063 1582 1176 pictrrs3
1610 1061 1824 1179 praecipue
1861 1066 1901 1148 in
1921 1093 2072 1159 novam
2164 1068 2171 1082 ‘

686 1178 1253 1292 emendationemacriorem,
1282 1204 1321 1262 et
1337 1179 1566 1263 liberiorem
1585 1212 1717 1295 aequo
1745 1210 1954 1269 censuram
1968 1184 2071 1271 serre

687 1331 813 1388 ausus
835 1325 891 1384 est
907 1297 1108 1382 Henricus
1127 1293 1476 1383 Valesius'cirarus
1497 1328 1518 1382 a
1540 1297 1799 1413 Metario(1)
1820 1360 1833 1399 ,
1868 1300 1985 1415 cujus
2002 1331 2073 1388 au·

684 1420 805 1507 ctoris
827 1444 1008 1504 censurae
1024 1412 1139 1500 nitriis
1152 1443 1328 1513 severae,
1363 1413 1552 1528 adjungit
1572 1414 1774 1504 Meratius
1794 1449 1950 1520 ,aurem
1963 1450 2074 1535 prae·

682 1550 786 1628 stare
800 1567 877 1622 non
890 1564 1127 1650 possumus.
1157 1532 1271 1616 Nihil
1292 1559 1427 1618 autem
1443 1532 1610 1634 salsius,
1642 1562 1769 1646 quam
1800 1538 1918 1649 quod
1931 1537 2071 1652 objicit

681 1655 1106 1768 Valesius,hymnos
1135 1676 1333 1738 correctos
1363 1650 1459 1737 maie
1492 1650 1614 1742 fuisse
1632 1654 1903 1768 compositos,
1937 1655 2071 1742 etad-

680 1786 1109 1867 versusjcommunem
1140 1770 1357 1855 hominum
1390 1796 1553 1855 sensum
1578 1770 1847 1886 depravatos.
1881 1773 2072 1862 Granco·

681 1891 740 1979 las
756 1892 825 2007 (a)
842 1892 1012 1975 affirmat
1030 1954 1056 1991 ,.
1074 1912 1228 1974 mutata
1245 1887 1411 2001 quidem
1422 1888 1544 1973 fuisse
1562 1888 1685 1977 verba
1701 1889 1904 2004 quaedam
1937 1890 1979 1973 in
1998 1893 2071 2006 hy.

680 2012 786 2098 mnis
803 2074 816 2109 ,
843 2008 913 2096 sed
931 2009 1112 2094 eamdem
1129 2002 1210 2091 fere
1226 2004 1465 2091 sententiam
1481 2004 1674 2093 intactam
1696 2007 1954 2122 permansisse
1971 2070 1981 2092 .
2021 2011 2068 2097 Si

684 2127 805 2248 igitur
846 2127 988 2212 eadem
1022 2153 1237 2213 auctorum
1272 2153 1452 2212 veterum
1499 2154 1615 2212 sensa
1645 2123 1876 2215 melioribus
1902 2125 2068 2233 verbis,

680 2243 894 2361 quodnisi
926 2244 1181 2360 impudenter
1212 2244 1349 2361 negari
1381 2271 1465 2327 non
1484 2269 1640 2358 potest,
1673 2269 1712 2331 et
1738 2241 1843 2359 justa
1878 2246 2069 2343 carminis

679 2390 871 2453 mensura
892 2363 1153 2464 redduntur,
1188 2359 1394 2474 quidest,
1427 2364 1691 2475 quamobrem
1717 2359 1807 2475 jure
1828 2362 1919 2474 quis
1934 2393 2068 2480 oppo-

679 2508 785 2584 nat,
815 2482 1017 2572 accessisse
1033 2480 1300 2577 latinitatem,
1330 2478 1401 2565 sed
1431 2479 1627 2566 recessisse
1645 2478 1869 2595 pietatem?
1889 2481 1957 2565 An
1977 2511 2067 2567 nra-

676 2598 739 2718 gis
749 2600 885 2716 pietati
903 2628 1132 2685 consonum
1162 2622 1220 2683 est
1236 2596 1367 2684 dicere
1382 2660 1396 2697 ,
1410 2596 1557 2684 Lustris
1571 2627 1644 2684 sese
1671 2595 1739 2711 qui
1759 2596 1848 2708 jam
1862 2601 2034 2712 peractis
2047 2663 2064 2705 ‚

676 2747 804 2831 quam
828 2720 988 2816 ,Lustra
1004 2707 1247 2833 ses'quij'am
1258 2746 1349 2829 pere
1378 2714 1447 2800 ic?
1466 2713 1536 2798 An
1553 2714 1816 2831 praeferenda
1831 2715 1906 2802 erit
1922 2714 2065 2806 ultima

677 2835 843 2952 atropha
861 2835 1004 2945 hymni
1024 2832 1215 2945 antiqui,
1235 2833 1336 2922 Veri
1401 2838 1457 2922 Re
1486 2833 1746 2948 irprodeurrt,
1780 2831 1942 2922 ultimae
1958 2857 2066 2922 stro·

676 2952 781 3069 phae
798 2952 977 3067 ejusdem
1012 2951 1160 3067 hymni
1192 2950 1433 3041 emendati?
1454 2863 1516 3041 ita
1546 2950 1680 3069 ajebat
1704 2974 1821 3041 vetus
1837 2952 1964 3083 huius
1979 2952 2063 3064 hyf-

677 3070 763 3158 mni
789 3070 1025 3163 conclusios
1063 3155 1066 3163 ,
1692 3124 1703 3137 --
1868 3132 1873 3143 -

1032 3192 1092 3279 Te
1117 3222 1274 3280 summa
1292 3194 1408 3281 Deus
1433 3193 1594 3280 trinitas
1622 3242 1624 3245 ·
1695 3244 1700 3253 ,

1035 3309 1255 3398 Collaudet
1270 3312 1401 3398 omnis
1426 3312 1618 3427 spiritus,

1032 3427 1152 3543 Quos
1168 3456 1238 3546 per
1253 3428 1384 3515 crucis
1394 3426 1636 3543 'mysterium

1028 3547 1165 3636 Salvas
1178 3609 1193 3649 ,
1226 3576 1313 3663 rege
1328 3574 1399 3663 per
1413 3549 1624 3647 seculum,

674 3664 721 3748 ln
739 3664 938 3752 breviario
970 3667 1159 3753 Romano
1190 3664 1332 3786 optime
1364 3665 1558 3788 recognito
1592 3657 1760 3756 Veneriis
1781 3659 1906 3776 1558.
1925 3723 1937 3748 .
1955 3660 2055 3749 Mo·

676 3781 732 3868 do
749 3782 963 3874 canimus:

1026 3903 1086 3992 Te
1101 3901 1193 3989 fons
1205 3902 1344 3991 salutis
1364 3902 1545 3991 Trinitas

1033 4019 1252 4109 Collaudet
1268 4023 1403 4109 omnis
1420 4021 1585 4139 spiritus
1600 4082 1617 4130 ,

692 4211 703 4224 ,
1030 4139 1197 4253 Quibus
1229 4140 1360 4232 crucis
1373 4139 1588 4231 victoriam

689 4323 702 4358 ρ
1027 4256 1225 4373 Largiris,
1253 4258 1356 4343 adde
1389 4256 1646 4375 praemium.

689 4370 834 4487 2163.
866 4370 1147 4460 Conferamus
1164 4373 1308 4485 hymni
1329 4374 1530 4464 emendati
1545 4374 1641 4465 c'um
1656 4376 1869 4492 antiquis,
1892 4408 2068 4469 sumam

675 4491 799 4577 turin
817 4520 965 4579 manus
981 4492 1147 4612 exempli
1165 4492 1254 4581 loco
1270 4494 1415 4609 hymni
1446 4520 1627 4601 veteres,
1654 4524 1912 4615 recentesque
1927 4498 1972 4581 in
2000 4495 2062 4580 fe·

725 4699 781 4783 (r)
806 4695 862 4765 Ad
879 4693 1332 4790 Garan.part.2.seet.5.c.6.
1392 4722 1455 4779 se,
1486 4714 1587 4797 arque
1615 4718 1746 4776 veteres
1763 4685 1848 4788 v,erem
1874 4696 2056 4769 mendatis

724 4796 777 4880 (a)
803 4789 1003 4866 Commeat.
1019 4796 1152 4869 Histor.
1172 4794 1329 4869 Breviat.
1391 4793 1575 4879 conferenti
1604 4800 1668 4872 vix
1694 4799 1789 4874 attur
1810 4795 1988 4868 discrimen
2003 4814 2068 4872 cc·¹

653 4976 655 4983 Ι
673 4882 877 4984 Romiibu.
893 4893 1031 4981 cap.28.
1058 4902 1192 4969 coerrat
1203 4908 1330 4978 aurem,
1390 4896 1789 5091 cursetpqeeutvsriam
1803 4891 2053 4976 dimensionem,

668 4996 781 5085 pauca
794 5005 847 5059 ees
859 4987 949 5061 eirea
963 4992 1141 5064 sententias
1159 4993 1330 5067 immutes·
1388 5009 1490 5091 atque
1565 4990 1665 5065 uendi
1681 4990 1874 5072 suesce.
