5084 6234
853 777 1497 875 accrastssrrcrs
1806 783 1862 895 a,

485 930 649 1020 uatium
668 992 682 1030 ,
699 953 738 1014 et
762 923 1096 1045 Responsoriale,
1121 925 1234 1039 quod
1251 914 1483 1013 Cardinalis
1497 912 1746 1011 Thomasius
1775 921 1863 1009 edi-

487 1047 547 1135 dit
564 1108 578 1145 ,
587 1049 709 1163 juxta
723 1078 881 1134 veterem
902 1074 1023 1129 usum
1039 1045 1353 1131 Canonicorum
1367 1044 1556 1129 Basilicas
1574 1045 1614 1128 S.
1634 1043 1739 1127 Petri
1757 1103 1767 1123 .
1824 1095 1827 1101 -

544 1168 616 1252 80.
649 1165 897 1281 Explicatius
913 1166 1016 1262 hanc
1035 1163 1271 1278 opinionem
1290 1186 1425 1247 tuetur
1441 1163 1661 1248 Grancolas
1689 1160 1730 1243 in
1746 1162 1863 1249 Com-

481 1310 647 1370 memar.
665 1284 793 1368 histor.
823 1283 864 1366 in
880 1279 1110 1364 Breviorinm
1137 1282 1386 1379 Romanum,
1413 1308 1462 1364 ex
1480 1308 1565 1393 quo
1596 1277 1676 1363 fere
1698 1279 1864 1396 totidem

436 1415 439 1420 '
484 1395 621 1508 verbis
633 1405 730 1487 haec
747 1398 918 1511 excerpit
932 1394 1120 1482 Moratus
1137 1396 1210 1514 (1)
1228 1426 1240 1479 ε
1270 1400 1473 1499 „Romae
1495 1426 1581 1482 non
1619 1400 1671 1484 ab
1685 1397 1861 1508 antiquo

484 1515 534 1620 ,‚:
548 1546 753 1636 tempore,
784 1516 855 1601 sed
872 1544 959 1598 sero
988 1514 1131 1627 hymni
1153 1514 1246 1600 cani
1265 1543 1513 1630 coeperunt3
1546 1544 1676 1628 neque
1694 1515 1802 1599 enim
1819 1516 1864 1600 in

483 1696 516 1736 „
548 1638 636 1723 ullis
654 1634 846 1720 Romanis
863 1632 1106 1733 ordinibus,
1143 1658 1181 1719 et
1203 1662 1253 1717 ne
1273 1634 1316 1717 in
1334 1632 1399 1718 illo
1418 1634 1611 1747 quidem,
1646 1661 1772 1747 quem
1787 1638 1867 1719 Be·

484 1812 517 1855 „
548 1752 734 1840 nedictus
755 1749 1000 1840 Canonicus
1015 1751 1055 1834 S.
1073 1750 1177 1835 Petri
1199 1751 1341 1839 tribuit
1354 1746 1552 1838 'Guidoni
1588 1753 1637 1836 de
1657 1752 1867 1867 Castello,

485 1929 516 1972 „
544 1871 618 1987 qui
635 1899 772 1984 postea
788 1899 900 1955 anno
922 1896 1046 1983 1143.
1065 1869 1248 1955 Pontifex
1267 1874 1478 1954 Romanus
1495 1870 1597 1972 fuit,
1613 1897 1651 1956 et
1671 1869 1869 1957 Caelesti-

486 2047 519 2090 „
547 2020 626 2074 nus
636 1990 689 2070 ll.
709 1989 927 2104 appellatus
944 2049 958 2087 ,
976 1985 1127 2071 mentio
1144 1986 1279 2099 aliqua
1298 1988 1343 2073 fit
1359 1989 1609 2099 hymnorum
1637 1989 1869 2075 recitando·

489 2135 640 2208 „rum
657 2107 700 2189 in
719 2106 890 2203 officiis,
907 2130 1011 2212 quae
1031 2102 1242 2190 describit.
1261 2106 1434 2207 Hinc,et
1451 2137 1498 2192 ex
1516 2105 1601 2192 aliis
1625 2106 1867 2223 conjecturis

489 2267 528 2326 ‚,·.
548 2224 668 2309 infert
687 2222 910 2307 Grancolas
923 2223 1025 2335 (2),
1056 2247 1144 2336 post
1160 2224 1248 2304 Xll.
1269 2223 1481 2319 dumtaxat
1508 2224 1696 2309 Seeulum
1715 2228 1868 2308 Romae

488 2402 521 2444 „
550 2341 753 2430 Breviario
768 2342 945 2453 hymnos
962 2340 1128 2424 insertos
1153 2339 1273 2426 fuisse
1365 2339 1552 2456 Conjicit
1572 2367 1706 2423 tamen
1737 2342 1868 2423 Gran-

491 2516 523 2562 „
553 2458 672 2560 colas,
693 2455 734 2541 id
747 2461 799 2545 ab
815 2463 1033 2569 Haymone
1050 2456 1413 2544 Franciscanorurn
1432 2457 1619 2542 Generali
1635 2456 1870 2576 praestitum

483 2575 520 2679 ‘„
551 2576 703 2677 fuisse,
737 2605 832 2660 cum
849 2581 1077 2662 Romanum
1094 2575 1274 2660 officium
1294 2575 1489 2693 Gregorio
1508 2577 1576 2658 lX.
1594 2574 1760 2689 jubente
1793 2604 1872 2659 an-

490 2732 522 2796 ·„
552 2725 608 2780 no
631 2724 755 2808 1240.
777 2693 1009 2809 recognovit
1026 2758 1040 2794 ,
1057 2719 1097 2780 et
1114 2694 1345 2795 concludit,
1363 2694 1478 2809 quod
1496 2692 1645 2780 etiamsi
1662 2692 1870 2809 prioribus

491 2848 536 2916 ·„.
550 2813 691 2900 'seculis
710 2811 833 2925 aliqui
849 2809 992 2922 hymni
1010 2811 1146 2896 inserti
1164 2810 1319 2898 fuerint
1334 2812 1539 2901 Breviario
1565 2816 1778 2911 Romano,
1794 2841 1873 2897 cer-

488 2943 538 3035 ·,',·
552 2930 752 3018 tissimum
769 2958 898 3016 tamen
915 2929 992 3027 sit,
1020 2929 1134 3042 quod
1150 2931 1236 3012 Xll.
1255 2930 1299 3013 in
1324 2930 1493 3015 Ecclesia
1510 2932 1549 3013 S.
1568 2932 1672 3015 Petri
1692 2927 1790 3011 nulli
1810 2958 1873 3013 re·

497 3083 540 3151 „·
558 3050 669 3136 citati
686 3048 867 3133 fuerint:
887 3072 1036 3133 etcum
1049 3044 1264 3133 Uldaricus
1290 3048 1334 3131 in
1358 3050 1390 3133 C
1390 3040 1697 3134 omuetudinibus
1711 3048 1743 3132 C
1743 3045 1871 3132 lunia-

495 3227 527 3270 „
553 3165 724 3253 censibus
748 3168 1000 3279 hymnorum
1032 3165 1237 3250 Romanae
1257 3163 1455 3252 Ecclesiae
1485 3164 1731 3251 mentionem
1748 3163 1872 3268 sacit',

492 3289 531 3386 ³„
560 3283 609 3368 de
627 3283 894 3400 singularium
912 3279 1150 3394 aliquarum
1167 3282 1436 3384 Ecclesiarum
1462 3283 1626 3402 hymnis
1657 3282 1774 3394 loqui
1796 3313 1873 3372 vo·

492 3399 672 3506 „luisse
691 3466 746 3505 „.
1719 3399 1721 3402 ’
1783 3459 1785 3463 -
1814 3487 1832 3513 Ι,

522 3589 529 3600 .
551 3519 638 3605 8ι.·
655 3522 797 3636 Quam
818 3547 942 3610 totam
958 3524 1253 3630 narrationem,
1270 3550 1309 3613 et
1323 3517 1792 3647 conjecturasimbecillo
1809 3518 1873 3605 ni-

493 3636 809 3727 ti'lundamento
819 3669 1014 3759 perquam
1026 3642 1138 3727 facile
1158 3673 1214 3732 est
1229 3641 1500 3732 demonstrare
1519 3710 1530 3731 .
1550 3652 1760 3754 Romanus
1776 3638 1872 3752 qui·

493 3755 587 3841 dem
619 3758 804 3845 Pontifex
836 3762 876 3844 S.
900 3757 1104 3845 Damasus
1121 3760 1226 3848 inter
1242 3763 1317 3847 alia
1334 3763 1514 3849 carmina
1531 3755 1873 3877 hymnumhabat

494 3869 539 3984 in
553 3872 652 3961 lesto
680 3877 726 3960 S.
747 3874 926 3992 Agathae
943 3877 1046 3989 ,qui
1064 3906 1120 3964 est
1135 3909 1296 3965 carmen
1317 3910 1385 3996 30.
1404 3880 1476 3996 (3)
1495 3876 1681 3995 Martyris
1696 3874 1872 3961 rese-dies

562 3995 714 4100 nahae:
733 3993 905 4111 Virginis
920 3995 1056 4079 emicat
1085 3998 1247 4083 eximiae
1263 4025 1363 4101 στας
1397 4028 1520 4113 quem
1550 3992 1874 4113 hymnumlicot·
1941 4085 1948 4102 ,

496 4101 777 4216 Tallemontius
793 4116 834 4195 S.
851 4111 1017 4195 Damasi
1033 4143 1111 4198 esse
1130 4140 1268 4231 neget,
1288 4118 1386 4230 qui-a
1411 4118 1667 4231 rhythmice,
1690 4142 1762 4198 seu
1780 4138 1873 4199 ver-

497 4219 900 4313 sibushomoteleutis
924 4229 1093 4345 scriptus
1118 4258 1175 4318 est
1202 4294 1216 4331 ,
1251 4225 1401 4350 putans
1429 4268 1601 4354 „usum
1625 4225 1885 4346 hujusmodi

495 4338 780 4451 rhythmorum
796 4372 875 4429 esse
905 4346 946 4430 S.
965 4350 1138 4433 Damaso
1156 4352 1414 4465 posteriorem
1429 4366 1450 4453 ‚'
1476 4369 1651 4447 attamen
1681 4346 1871 4463 Marchio

489 4451 712 4579 Maffaejus
739 4490 878 4547 eorum
894 4493 1015 4550 usum
1050 4467 1318 4582 antiquiorem
1349 4477 1389 4559 S.
1409 4467 1589 4562 Damaso
1620 4497 1700 4555 esse
1720 4463 1873 4551 confir-

1504 4594 1520 4670 l

549 4762 603 4843 (r)
631 4757 668 4826 ln
696 4758 799 4833 Notis
813 4766 854 4837 ad
865 4768 1010 4839 Gavant.
1027 4768 1059 4838 ia
1077 4767 1154 4839 Ru·
1227 4775 1308 4859 ·(a)
1337 4771 1452 4843 libr.
1469 4761 1558 4861 Capi
1575 4790 1633 4858 23·
1723 4857 1725 4862 Ι

482 4850 584 4926 bric·
599 4853 700 4926 ΒΜ·
720 4858 825 4938 Rom.
852 4864 944 4938 Part.
964 4890 997 4937 2.
1010 4883 1093 4939 sect.
1107 4867 1151 4941 V.
1253 4872 1310 4960 (3)
1334 4866 1426 4943 Edit.
1444 4868 1591 4941 Roman.
1608 4885 1673 4962 175
1680 4885 1714 4964 3.

499 4959 769 5053 capannam..
1227 5011 1252 5028 .,
1593 4959 1598 4971 ·
1735 4959 1737 4965 ’
1781 4997 1827 5020 ,,,
