5084 6234
553 903 569 962 s
882 845 1419 943 nt'sP'ANtcn

535 1120 614 1208 Dic
632 1146 698 1203 ιι.
717 1112 939 1206 Decembris
963 1177 975 1202 .
1000 1114 1047 1201 ln
1059 1108 1161 1225 festo
1189 1110 1236 1198 S.
1250 1108 1416 1197 Damasi
1431 1105 1502 1222 (a)
1518 1129 1533 1197 .’

518 1357 586 1444 Aa
602 1382 737 1475 vesp:
762 1309 888 1447 Inter
918 1353 1064 1441 choros
1086 1350 1313 1439 caelestium

819 1472 992 1562 Dicatur
1023 1468 1128 1558 alnao
1145 1470 1338 1557 ‘carmine
1357 1524 1372 1569 ‚

820 1590 909 1703 Qui
940 1614 1072 1678 mente
1103 1584 1209 1676 restit
1237 1584 1410 1702 provida

813 1708 930 1798 Ovile
965 1705 1122 1795 Christi
1151 1704 1388 1791 Damasus.

756 1823 793 1912 F..
819 1828 919 1911 Sede
953 1826 1054 1912 Petri
1084 1822 1307 1910 fulminans

813 1942 985 2062 Disjecit
1000 1970 1170 2061 errores
1196 1937 1341 2058 procul
1355 1943 1379 2042 ,ἒ

816 2060 1066 2182 Compressit
1093 2085 1133 2147 et
1162 2057 1381 2195 prudentia

733 2178 737 2188 ’
816 2182 962 2269 Motus
990 2180 1194 2265 frementis
1227 2174 1428 2260 haeresis.

759 2298 937 2383 Sublime
969 2298 1104 2411 magni
1130 2290 1326 2376 Praesulis

790 2410 1017 2500 Doctrina
1051 2434 1190 2528 pectus
1222 2406 1399 2507 imbuit,

816 2534 944 2619 Petita
978 2524 1257 2647 limpidissimo

818 2653 856 2736 E
881 2649 993 2735 fonte
1011 2675 1146 2736 sacrae
1178 2642 1350 2760 paginae
1369 2661 1385 2727 .·

759 2767 951 2858 Extruxit
980 2764 1046 2851 hic
1074 2761 1274 2850 Ecclesias

828 2886 996 2973 Ornans
1031 2881 1173 2970 decore
1202 2878 1408 2997 plurimo,

811 3008 870 3090 Ut
900 3005 1139 3115 Martyrum
1172 2998 1499 3114 splendescerent·
1571 2997 1573 3002 ’

814 3115 948 3202 Cultu
980 3118 1191 3234 sepulchra
1221 3111 1386 3199 debito.

759 3234 1006 3350 Praescripta
1034 3233 1168 3351 legum
1197 3225 1415 3335 condidit,

817 3357 872 3441 Et
904 3352 1128 3443 sanctiones
1157 3349 1307 3452 utiles,

815 3471 873 3562 Ut
901 3469 1092 3559 emineret
1122 3469 1313 3558 sanctitas

814 3590 862 3672 ln
896 3586 1141 3675 Christianis
1165 3588 1383 3675 coetibuss'

752 3706 939 3794 Praeibat
973 3705 1156 3826 exemplo
1187 3735 1265 3794 suo
1444 3764 1544 3853 Hh

514 3946 566 4024 (a)
592 3944 783 4018 Romanum
822 3939 1024 4013 Pontificem
1051 3944 1123 4015 Da·
1185 3947 1261 4016 dam
1291 3941 1457 4036 obsequio
1481 3935 1625 4033 Hispani
1660 3927 1844 4020 convenas

469 4055 623 4121 masam,
649 4066 749 4133 quem
774 4043 849 4124 iure
875 4061 973 4112 sunm
1000 4060 1125 4114 vocare
1186 4044 1331 4114 rentur?
1359 4040 1424 4111 Eos
1440 4060 1477 4113 ut
1491 4038 1638 4112 excitem
1653 4083 1666 4119 ,
1683 4036 1788 4113 immo
1803 4030 1864 4118 ut'

469 4152 610 4221 possunt
633 4138 776 4231 Hispani
808 4162 876 4211 non
906 4136 1016 4209 soium
1043 4161 1122 4212 cum
1184 4136 1347 4233 praeclari
1360 4136 1538 4210 Pontificis
1550 4135 1672 4208 honori
1686 4137 1845 4212 ecclesia·

466 4228 660 4313 breviario,
686 4239 744 4306 sed
758 4237 858 4308 etiam
871 4252 989 4307 contra
1012 4234 1122 4307 Criti·
1184 4236 1273 4308 stico
1300 4257 1364 4326 pro
1392 4233 1487 4307 virili
1516 4253 1620 4328 parte-
1639 4234 1844 4321 consulam,

466 4348 550 4439 cos,
576 4348 750 4424 postquam
764 4356 842 4405 eum
856 4331 1041 4420 Hispaniae
1054 4333 1124 4405 vin·
1185 4331 1372 4427 praemisso
1398 4336 1530 4430 hymno
1545 4355 1622 4406 eum
1641 4332 1844 4406 laudandum

467 4426 597 4498 dicavit
636 4428 881 4500 eruditissimus
925 4428 1123 4502 Franciscus
1183 4429 1551 4524 suscepi.Rationes,
1580 4428 1863 4524 quibusevir,ci··

462 4520 569 4635 Perea
593 4524 731 4619 Bayer,
759 4549 824 4597 non
842 4525 1045 4610 Romanum,
1060 4528 1121 4600 sed
1182 4546 1263 4613 tur,
1289 4529 1324 4600 S.
1343 4528 1526 4602 Damasum
1554 4529 1688 4598 natione
1716 4525 1861 4621 Hispa?

467 4617 657 4735 Hispanum
683 4623 786 4696 fuisse
816 4624 989 4714 probans,
1024 4625 1121 4717 plau·
1183 4647 1263 4698 num
1290 4624 1422 4706 fuisse,
1447 4625 1529 4697 nihil
1547 4624 1668 4716 attinet
1682 4622 1844 4698 hoc-ioco

467 4719 624 4827 uentibus
638 4721 754 4793 moitis
767 4742 903 4814 quoque
918 4719 1025 4803 Italis,
1042 4723 1127 4794 Pon-
1181 4725 1370 4796 obtrudere
1384 4768 1397 4804 ,
1411 4743 1490 4795 cam
1504 4743 1558 4792 aas
1573 4718 1682 4791 nitide
1696 4766 1710 4803 ‚
1724 4738 1760 4793 et
1772 4739 1845 4796 ner·
1863 4749 1867 4759 ’

466 4814 618 4926 crimem,
643 4822 802 4911 inquam,
835 4820 878 4889 de
891 4815 1046 4889 universa
1061 4818 1123 4890 Ec·
1183 4843 1267 4893 vose
1287 4821 1439 4892 iaudatos
1456 4816 1622 4915 Bayerius
1638 4815 1672 4889 in
1690 4818 1845 4895 celeber·

461 4909 564 5024 eie-sta
591 4915 770 4991 catholica
798 4914 930 5007 optime
958 4913 1119 4989 meritum
1180 4917 1267 4991 rima
1282 4940 1344 4990 sua
1359 4916 1608 4991 Dissertatione
1625 4919 1864 5007 exposuerit‚'

460 5014 546 5102 quad
557 5029 841 5100 “transancos
854 5013 1017 5109 peculiari
1032 5036 1120 5111 qoo-
1179 5015 1376 5114 iterumque
1388 5013 1437 5094 cl.
1453 5015 1625 5096 Xaresim
1640 5013 1858 5113 cumputat.
1963 5031 1965 5036 ·

1862 5203 1866 5216 Ι

1764 5265 1768 5274 ι
1955 5267 1957 5272 .

1693 5327 1712 5350 Ἰ·
2126 5335 2128 5342 ,

2166 5395 2167 5402 t

1655 5439 1659 5450 ι

1636 5517 1640 5524 ι
