5084 6234
694 880 775 969 204
1037 842 1662 936 ‘DEHYMNIS'

694 994 915 1085 clesiasticis
947 992 1132 1108 precibus
1151 1016 1415 1106 repeteretur,
1449 990 1662 1076 utilissimis
1677 991 1955 1080 sanctionibus
1969 1021 2070 1079 cau·

594 1113 598 1122 ’
696 1142 785 1203 tum
798 1142 866 1228 per
884 1142 1022 1195 omnes
1038 1112 1190 1221 ubique
1208 1108 1421 1223 ecclesias(
1444 1107 1489 1220 ).

696 1235 699 1241 ⁴
757 1262 854 1345 233·
892 1230 1110 1312 Diversum
1129 1226 1460 1340 glorificationem
1475 1225 1718 1312 concinendi
1754 1255 1902 1311 motem
1920 1227 1961 1309 in
1980 1229 2076 1340 qui·

693 1352 868 1438 busdam
898 1346 1068 1431 ecclesiis
1100 1372 1383 1430 commemorat
1426 1344 1650 1430 Cassianus
1683 1342 1897 1456 (1):llltrel
1925 1345 2075 1441 etiam,

693 1468 794 1586 quod
806 1466 846 1548 in
864 1470 935 1550 hac
945 1464 1140 1580 prouincia
1154 1462 1330 1563 vidimus,
1348 1485 1391 1547 ut
1409 1493 1485 1549 uno
1496 1486 1672 1547 cantante
1684 1460 1725 1542 ia
1752 1464 1918 1546 clausula
1930 1464 2076 1575 psalmi

692 1614 824 1671 omnes
839 1587 1032 1667 adstantes
1048 1582 1269 1695 concinunt,
1286 1580 1496 1667 GLOPtlA
1513 1579 1670 1667 PATut
1687 1642 1701 1678 ,
1727 1580 1798 1662 ET
1814 1582 1954 1666 FlLlO
1972 1645 1987 1681 ,
2002 1579 2077 1665 ET

693 1700 920 1788 SPIRITUl
938 1697 1388 1813 SANCTO,itusquam
1401 1728 1632 1818 peromnem
1652 1695 1829 1783 orientem
1845 1695 2078 1802 audivimus,

691 1824 757 1906 se'd
772 1850 856 1906 cum
874 1820 1042 1902 orartium
1067 1818 1216 1901 silentio
1240 1822 1289 1902 ah
1307 1849 1380 1918 eo,
1401 1818 1469 1933 qui
1478 1839 1607 1902 cantat
1623 1815 1757 1931 ,finito
1767 1814 1914 1931 psalmo
1930 1818 2076 1904 oralio-

692 1970 776 2022 aem
802 1938 1023 2035 succedere,
1049 1938 1148 2020 lianc
1164 1965 1250 2019 uero
1262 1934 1574 2051 glorificationem
1595 1934 1797 2019 Trinitatis
1811 1939 2077 2021 tantummodo

691 2053 805 2139 solere
823 2052 1027 2168 antiphona
1043 2052 1239 2137 terminari
1257 2121 1264 2133 .
1289 2052 1450 2139 Clarior
1468 2077 1526 2137 est
1539 2082 1695 2145 sensus,
1710 2053 1741 2137 si
1760 2054 1862 2165 legas
1878 2052 1971 2137 cum
1989 2054 2076 2136 Ga-

691 2184 787 2257 zaeo
804 2171 847 2253 in
863 2202 937 2254 sua
958 2170 1146 2255 Cassiani
1163 2170 1339 2255 editione
1356 2207 1366 2255 ε
1385 2176 1475 2256 Hac
1497 2201 1583 2255 vero
1607 2170 2077 2288 glorificatioue‘Trinila-

689 2288 738 2376 tis
752 2292 1014 2374 tantummodo
1032 2293 1149 2373 solere
1172 2288 1418 2403 antiphonam
1447 2290 1671 2372 terminari.
1698 2290 1839 2401 Quam
1866 2288 2076 2374 lectionem

691 2437 719 2520 a*
733 2407 911 2492 Batonio
932 2406 986 2489 ad
1000 2438 1144 2491 annum
1167 2436 1219 2520 32
1225 2435 1263 2517 5.
1282 2433 1494 2493 mutuatus
1523 2434 1607 2505 est,
1633 2408 1840 2493 adducens
1873 2409 1981 2493 hanc
2009 2409 2075 2490 in·

687 2524 1041 2641 terpretationem,
1075 2554 1159 2606 non
1189 2523 1268 2607 dici
1302 2525 1353 2610 ab
1382 2525 1454 2611 illis
1476 2525 1686 2609 monachis
1717 2555 1909 2626 versum,
1944 2526 2074 2611 Gloria

689 2645 824 2742 Patri,
853 2642 894 2722 in
914 2641 992 2723 fme
1006 2640 1277 2756 psalmorum,
1307 2642 1438 2726 sedin
1462 2644 1542 2727 fine
1570 2644 1917 2756 antiphonarum.
1947 2642 2074 2727 Gothi

689 2761 733 2843 in
771 2757 968 2874 Hispania
1002 2756 1333 2875 glorificationem
1366 2759 1420 2846 ita
1452 2759 1755 2873 proferebant,
1790 2784 1837 2844 ut
1864 2760 2073 2860 dicerent,

737 2986 788 3067 (a)
816 2976 1025 3067 Binghamus
1043 2976 1220 3071 antiquit.
1237 2976 1352 3047 eccles.

690 3074 926 3168 lih.r4.eap.2.
943 3080 1012 3161 §.u
1028 3091 1150 3166 negat,
1165 3094 1240 3144 ante
1259 3075 1350 3144 Con·

688 3171 806 3241 cilium
822 3172 868 3239 ΙΙ.
885 3171 1031 3241 Vasense
1045 3196 1131 3241 anno
1150 3192 1230 3256 529.
1247 3170 1366 3241 diser·'

690 3287 723 3341 te
740 3267 811 3337 fieri
829 3265 931 3334 ullam
950 3267 1153 3338 mentionem
1166 3267 1348 3339 clausulae:

690 3355 782 3438 Sicut
817 3378 888 3433 erat
914 3365 948 3431 ia
961 3365 1127 3458 principio
1158 3380 1290 3435 ernust
1318 3378 1351 3432 et

686 3478 814 3558 semper
840 3463 875 3533 iu
903 3463 1014 3531 secula
1035 3462 1250 3534 ‘seculorum
1284 3462 1349 3532 Sed

686 3580 826 3659 praeter
840 3560 945 3629 vitam
976 3561 1010 3629 8.
1027 3560 1165 3630 Damasi
1183 3583 1223 3631 ex
1238 3559 1351 3631 archi·

685 3661 753 3734 viis
771 3658 1025 3729 Canonicorum
1054 3658 1089 3729 S.
1103 3660 1193 3729 Petri
1208 3657 1347 3741 editam,

687 3784 753 3853 qua
770 3758 803 3826 8.
822 3757 986 3826 Damasus
1002 3760 1066 3828 hoc
1079 3756 1347 3829 additamentum

689 3852 892 3944 doxologiae
933 3877 994 3942 per
1031 3872 1148 3926 omnes
1189 3854 1347 3926 ecclesias

690 3949 863 4023 enunciari
879 3951 1070 4022 decrevisse
1090 3953 1265 4031 refertur,
1284 3950 1348 4023 nisi

689 4047 901 4137 Binghamus
914 4047 1093 4119 cavilletur
1109 4050 1139 4118 in
1155 4052 1207 4120 his
1222 4050 1348 4120 verbist

690 4148 784 4218 hicat
799 4160 869 4213 erat
885 4147 918 4214 in
927 4148 1095 4242 principio
1112 4195 1123 4228 ,
1139 4148 1350 4219 manifestum

692 4267 766 4323 est,
783 4241 890 4332 reipsa
900 4244 983 4313 hanc
999 4244 1179 4325 formulam
1195 4243 1354 4339 antiquis·

694 4342 814 4417 simam
833 4361 917 4420 esse,
931 4358 965 4409 et
979 4341 1220 4430 apostolicam.
1237 4344 1270 4413 S.
1287 4344 1353 4413 Ba·

694 4440 789 4515 silius
806 4436 878 4507 Lib.
895 4439 933 4507 de
947 4438 1071 4533 Spiritu
1092 4454 1203 4508 saneto
1218 4455 1354 4538 capno.

689 4538 811 4630 ‘plures
825 4537 988 4608 formulas
1002 4535 1258 4628 glorificationis
1279 4560 1354 4608 ver·
1378 4536 1381 4543 ’

696 4635 747 4706 bis
767 4634 918 4705 nonnihil
934 4636 1185 4725 discrepantes,
1223 4657 1259 4706 te
1275 4660 1356 4707 eon·

698 4732 879 4816 sentientes
893 4734 1080 4815 adducit,et
1096 4735 1245 4805 intereas
1259 4740 1356 4815 hanc,

698 4852 798 4924 quam
815 4830 1005 4922 Dionysius
1018 4830 1292 4905 Alexandrinura
1306 4833 1359 4903 Se·

700 4926 852 5000 nioribus
866 4945 1043 5015 acceperat
1058 4957 1066 4997 a
1081 4940 1151 5001 Deo
1166 4948 1276 5003 aurem
1293 4940 1358 5000 Pa·

700 5020 882 5114 aristidis
896 5026 1037 5095 Domino
1054 5044 1163 5101 nostro
1176 5036 1251 5103 lesu
1269 5028 1359 5101 chri·

1414 2993 1462 3049 sto
1478 3002 1550 3048 cum
1567 2988 1597 3046 S.
1617 2978 1742 3072 Spiritu
1752 2977 1863 3069 gloria
1879 3023 1890 3056 ,
1917 2991 1950 3046 er
1963 2976 2072 3069 impe·

1414 3078 1501 3147 rium
1531 3079 1565 3145 in
1591 3073 1700 3143 secula
1715 3072 1899 3144 seculorum
1929 3084 2070 3143 ,Artena

1414 3174 1539 3245 Eadem
1558 3191 1726 3264 postrema
1745 3174 1849 3243 verba
1863 3169 1918 3241 alii
1937 3189 2072 3241 veteres

1413 3274 1616 3362 proferunt.
1643 3270 1748 3354 Quod
1764 3288 1876 3340 autem
1894 3269 1981 3340 idem
1998 3267 2075 3338 Rin-

1413 3371 1553 3459 ghamus
1572 3365 1637 3436 loc.
1656 3369 1712 3435 cit.
1731 3369 1948 3438 cardinalem
1980 3368 2075 3436 Bona

1411 3463 1593 3558 coarguit,
1611 3468 1702 3554 quod
1719 3464 1745 3532 is
1761 3465 1794 3533 8.
1810 3463 1973 3535 Basiliam
1990 3473 2074 3532 tam-

1409 3586 1509 3660 quam
1525 3559 1814 3657 reprehensibilem
1844 3574 2071 3658 repraesenta·

1408 3664 1499 3733 uerit
1513 3709 1524 3741 ,
1539 3660 1620 3731 nihil
1648 3680 1733 3729 vero
1755 3658 1788 3729 8.
1802 3659 1910 3733 Leoni
1936 3659 2074 3739 obiece-

1408 3759 1476 3841 rit,
1508 3782 1585 3830 cum
1623 3776 1769 3850 uterque
1807 3758 1923 3828 eadem
1964 3754 2077 3826 omni-

1410 3882 1454 3929 no
1469 3854 1679 3949 doxologiae
1696 3854 1841 3925 formula
1860 3878 1939 3925 usus
1955 3852 2074 3934 fuerit,

1413 3955 1447 4025 id
1466 3954 1558 4024 nihili
1576 3971 1624 4021 est
1644 3953 1834 4023 faciendum
1854 4000 1868 4021 .
1881 3949 2076 4022 Cardinalis

1408 4052 1505 4125 Bona
1532 4049 1745 4119 formulama
1773 4050 1806 4118 S.
1825 4048 1978 4132 Basilio,
2003 4069 2074 4144 ets

1415 4151 1450 4220 S.
1465 4150 1577 4220 Leone
1596 4167 1789 4237 usurpatam
1807 4173 1913 4243 aeque
1926 4146 2076 4252 catholi7

1414 4270 1486 4318 cam
1504 4268 1574 4317 esse
1590 4246 1774 4338 profitetur
1787 4274 1798 4331 ς
1813 4250 1871 4320 sed
1887 4247 2075 4344 prodiret·

1415 4344 1511 4416 ritate
1527 4344 1621 4425 loci,
1650 4361 1683 4414 et
1699 4346 1864 4437 temporis
1883 4370 1959 4417 cum
1979 4341 2075 4413 Basi-

1415 4443 1479 4515 lius
1493 4443 1525 4513 in
1542 4442 1762 4515 offensionem
1781 4445 2006 4537 quorumdam
2023 4444 2075 4510 iu·

1417 4541 1590 4623 currerit,
1619 4565 1683 4613 non
1710 4564 1823 4616 autem
1842 4544 1873 4613 S.
1896 4542 1990 4616 teo,
2017 4537 2076 4605 ad·

1419 4657 1558 4716 monet,
1584 4660 1745 4725 oportere
1762 4690 1773 4725 ,
1804 4640 2009 4729 Episcopum
2024 4633 2074 4702 ir-

1418 4737 1707 4835 reprehensibilem
1745 4761 1840 4813 esse,
1873 4751 1906 4801 et
1936 4753 2074 4803 omnem

1419 4836 1519 4909 etiam
1537 4838 1683 4926 speciem
1702 4832 1777 4904 mali
1795 4831 1962 4921 effugere.

1468 4945 1521 5022 (ι)
1550 4935 1606 5005 De
1634 4932 1739 5028 instit.
1772 4928 1931 4999 Coenob.
1959 4926 2020 4999 lib.
2041 4948 2077 5002 t·

1417 5032 1569 5126 cip-80„
1683 5081 1685 5088 v
1772 5083 1776 5091 ·
