5084 6234
809 786 1462 882 ecccnsrssrrcrs
1542 751 1546 764 ’
1738 825 1823 914 103

440 933 681 1022 auctoritate
696 928 897 1048 judicium
919 960 1145 1048 paucorum
1159 936 1208 1021 de
1227 935 1446 1024 Prudentio
1462 934 1655 1052 iniquum
1670 935 1822 1037 obrui,

435 1076 478 1142 et
492 1053 613 1140 refelli
629 1054 880 1139 demonstrat
890 1052 1086 1142 Nicolaus
1097 1054 1310 1141 Antonius
1326 1054 1426 1170 (1).

503 1201 598 1286 129.
630 1166 863 1258 Maximum
893 1167 1066 1283 lyricum
1086 1171 1823 1291 poetamChristianumPrudentium

438 1317 514 1378 cur
534 1290 577 1374 in
594 1286 899 1403 locupletissima
919 1288 1170 1377 Bibliotheca
1206 1291 1340 1378 rituali
1357 1292 1427 1408 (n)
1446 1294 1587 1378 Franc.
1608 1292 1821 1380 Antonius

438 1409 668 1495 Zacharias
681 1406 785 1492 inter
802 1410 1144 1526 Hymnographos
1156 1410 1306 1499 latinos
1322 1440 1409 1496 non
1428 1409 1701 1512 recensuerit,
1716 1410 1819 1496 nihil

436 1556 588 1614 causae
598 1556 678 1613 esre
691 1524 843 1627 video,
858 1527 935 1612 nisi
951 1525 996 1611 id
1013 1527 1161 1617 oblitus
1175 1530 1339 1630 fecerit,
1354 1530 1586 1646 praesertim
1601 1558 1695 1615 cum
1709 1528 1753 1612 in
1769 1559 1821 1616 eo

434 1645 621 1763 catalogo
636 1646 772 1729 locum
802 1644 956 1733 dederit
970 1646 1169 1733 Mauritio
1186 1679 1211 1733 a
1227 1652 1267 1733 S.
1286 1650 1445 1764 Angelo
1462 1647 1695 1734 florentino
1709 1644 1821 1733 Car-

436 1762 594 1850 melitae
613 1760 864 1849 Discalceato
879 1827 896 1865 ,
909 1794 1007 1849 eum
1026 1766 1132 1854 inter
1147 1765 1387 1883 praecipuos
1403 1767 1625 1853 latinorum
1642 1770 1823 1880 hymno-

439 1907 534 1965 rum
548 1905 735 1967 auctores
748 1911 1023 1985 enumerans,
1055 1882 1173 1995 quod
1191 1884 1269 1970 Ms.
1286 1883 1492 1997 reliquerit
1506 1885 1820 2003 'Hymnologium

435 1997 486 2082 de
499 1998 734 2086 sanctissima
750 2000 821 2090 Vir
848 2000 909 2086 ine
923 2002 1089 2104 Μανία,
1106 2002 1258 2088 Sanctis
1273 2066 1288 2104 ,
1302 2033 1350 2089 ac
1359 2001 1698 2118 praecipuirfestis
1711 2004 1823 2106 anni,

440 2118 584 2233 Neque
616 2116 726 2204 enim
746 2117 800 2202 ad
830 2149 965 2222 ucor,
996 2146 1044 2207 ut
1057 2122 1251 2221 credam,
1281 2119 1600 2209 eruditissimum
1617 2146 1824 2207 auctorem

437 2233 706 2325 Bibliothecae
737 2235 893 2324 ritualis
905 2268 982 2359 pro
999 2263 1141 2324 nostro
1169 2237 1340 2325 Aurelio
1356 2240 1581 2326 Prudentis
1605 2239 1824 2330 Clemente

436 2353 566 2438 alium
581 2354 920 2454 Prudentem,sive
936 2356 1209 2443 Prudentium
1223 2386 1295 2473 per
1311 2385 1487 2441 errorem
1503 2360 1826 2472 subrogasse‚cu·

436 2468 505 2586 jus
521 2471 699 2557 meminit
712 2471 785 2589 (α)
801 2472 854 2558 ad
866 2504 1029 2558 annum
1043 2473 1144 2590 846.
1160 2538 1174 2575 ,
1192 2474 1381 2559 eumdem
1400 2474 1573 2562 referens
1586 2474 1691 2559 inter
1706 2503 1825 2589 prae-

436 2586 584 2705 cipuos
598 2589 819 2678 latinorum
849 2595 1102 2706 hymnorum
1114 2618 1303 2680 auctores
1314 2592 1387 2708 (3)
1398 2655 1408 2677 .
1419 2593 1519 2677 Erat
1536 2589 1601 2699 hie
1618 2593 1826 2692 Prudens,

433 2708 518 2795 sive
539 2709 785 2796 Prudentius
798 2738 916 2827 gente
935 2711 1171 2826 Hispanus,
1201 2709 1426 2798 Trecarum
1449 2709 1495 2794 in
1513 2709 1641 2795 Gallia
1658 2707 1827 2824 Episco-

437 2852 517 2940 pus
547 2889 561 2927 ,
593 2830 664 2916 cui
692 2830 868 2941 hymnos
899 2829 1182 2916 ecclesiasticos
1209 2828 1356 2917 tribuit
1383 2829 1546 2916 Liserus
1575 2827 1619 2911 in
1649 2826 1825 2912 Historia

440 2944 655 3031 Poetarum
668 2946 793 3031 medii
811 2949 928 3048 aevi,
957 2976 1009 3031 ex
1023 2946 1178 3060 quibus
1194 2948 1399 3061 quaedam
1421 2944 1619 3061 excerpsit
1635 2943 1777 3031 Abbas
1792 2944 1828 3027 le

436 3060 557 3147 Beul.
573 3063 675 3179 (q).
706 3068 743 3152 A
763 3072 812 3155 cl.
832 3070 987 3164 ,loanne
1004 3064 1166 3151 Andres
1184 3066 1227 3148 in
1246 3064 1413 3150 historia
1426 3062 1596 3147 deomni
1607 3061 1826 3147 litteratum

438 3174 553 3265 Aur.
569 3185 837 3272 Prudentium
859 3214 937 3276 csse
956 3184 1267 3300 praetermissum
1294 3182 1516 3267 admodum
1547 3180 1651 3264 nihil
1669 3180 1823 3265 miror.

506 3326 601 3414 130.
633 3304 900 3419 Quamquam
916 3331 1011 3390 nero
1028 3330 1115 3387 non
1132 3327 1286 3388 constet
1302 3329 1354 3385 ex
1374 3298 1612 3399 ilistoricis,
1645 3325 1721 3384 aut
1738 3296 1825 3382 aliis

442 3423 717 3509 monumentis
732 3421 867 3508 seculo
887 3424 1069 3538 V.,quo
1093 3420 1339 3506 Prudentius
1357 3418 1555 3514 decessit,
1580 3440 1656 3500 aut
1684 3415 1825 3510 saltem

438 3563 533 3625 ante
551 3534 790 3626 Concilium
808 3541 879 3623 lV.
899 3538 1174 3640 Toletanum,
1206 3542 1384 3651 hymnos
1399 3532 1610 3620 'Prudentii
1640 3532 1683 3615 in
1702 3530 1826 3618 eccle·

435 3655 504 3742 siis
520 3654 746 3771 Hispanicis
760 3656 882 3742 fuisse
899 3682 1115 3773 usurpatos
1134 3684 1298 3758 ,tamen
1332 3650 1576 3737 simillimum
1605 3651 1704 3738 vero
1730 3675 1815 3739 est:

437 3772 776 3890 quandoquidem
800 3774 885 3886 ejus
913 3772 1058 3886 hymni
1085 3772 1245 3891 plurimi
1261 3800 1337 3889 pro
1369 3768 1481 3855 horis
1494 3766 1705 3857 canonicis
1718 3796 1819 3851 can·

434 3894 570 3988 ands
602 3891 842 4014 compositi,
875 3920 914 3982 et
945 3892 1149 3986 distributi
1175 3918 1268 3982 ⁴esse
1287 3914 1521 3976 noscuntur
1548 3885 1643 4005 (b).
1678 3886 1821 3972 Possu-

487 4103 544 4185 (ι)
568 4097 888 4193 Bibhrlntiqdlisp.
904 4099 1099 4174 c.re.lib.t.
1157 4100 1298 4171 nissen.
1314 4110 1437 4192 neap.
1452 4117 1487 4164 a.
1508 4116 1602 4164 nam.
1618 4101 1705 4173 XL,
1725 4089 1823 4162 affir-

458 4239 461 4246 -
486 4199 540 4284 (a)
564 4194 743 4270 Prudentii
758 4197 953 4271 Clementis
972 4197 1097 4269 menri·
1157 4212 1247 4269 mate
1271 4215 1493 4269 assectans,
1518 4192 1556 4261 S.
1570 4190 1742 4261 Isidorum
1757 4190 1823 4260 do·

436 4292 961 4377 uitiachariasinDictionatio
979 4296 1096 4367 Eccle·
1155 4316 1259 4373 cere,
1288 4294 1461 4389 hymnos,
1494 4289 1557 4382 qui
1582 4287 1680 4371 rejici
1699 4286 1822 4379 prohi-

436 4387 605 4475 -aiasticm
634 4395 776 4483 patriam
790 4394 1096 4487 poetaeChristia·
1149 4392 1279 4463 bentur
1297 4397 1331 4463 in
1350 4388 1516 4460 Concilio
1536 4387 1599 4458 lV.
1626 4383 1820 4468 Toletano,

438 4487 473 4561 ni
498 4487 716 4562 celeberrimi
742 4491 893 4565 indicare
910 4489 1096 4564 nibilioli·
1151 4512 1220 4560 aar
1236 4488 1424 4569 essentias,
1442 4508 1545 4583 quast
1558 4481 1822 4555 ambrosianos.
1903 4583 1905 4587 q

435 4586 526 4662 citus
586 4592 646 4679 (a)
671 4588 789 4665 liba.
801 4615 916 4679 capa.
927 4607 1032 4662 arnt,
1151 4587 1245 4658 Nam
1262 4586 1440 4656 S.Doctor
1457 4599 1518 4661 ,ut
1532 4596 1673 4673 apparet
1690 4601 1731 4651 ex
1749 4581 1821 4689 ejus

486 4697 546 4777 (3)
571 4687 703 4780 (laps.
726 4708 829 4785 arna.
920 4717 922 4722 ·
1156 4675 1824 4769 verbish1170nam.6r.huiusDts·

479 4794 539 4879 (4)
568 4784 1046 4862 Tom.r.Dissert.Gallicat.
1155 4780 1377 4860 sectationis,
1393 4782 1521 4856 clocet,
1544 4777 1691 4871 hymnos
1704 4796 1749 4845 ex
1762 4792 1823 4842 no-

489 4881 539 4974 (l)
562 4882 712 4956 Fallitur
737 4885 875 4975 egregie
907 4882 1095 4965 Caletanus
1151 4883 1244 4953 mine
1269 4873 1499 4950 §.Ambrosii
1522 4869 1640 4944 vorari
1671 4874 1824 4966 Ambro-

435 4976 552 5053 Cenni
568 4984 611 5056 de
621 4986 937 5082 astipulantia.
953 4983 1098 5079 Hispan,
1150 4978 1267 5094 siccos
1275 5023 1291 5063 ,
1315 4974 1400 5074 qaia
1412 4975 1487 5068 ejus
1498 4986 1648 5094 tenpore
1663 4971 1701 5043 ir
1711 4963 1824 5038 Eccle-
