5084 6234
934 796 1576 891 ECCLESIASTICIS
1867 829 1955 922 ooo

570 941 688 1065 quod
704 941 855 1029 mentio
868 942 1074 1061 virginalis
1105 971 1247 1059 partus
1263 946 1359 1030 fiat.
1399 943 1594 1056 Quarum
1619 941 1959 1032 rerumomnium

429 1091 437 1104 ²
569 1096 666 1156 curn
681 1063 827 1182 passim
841 1065 963 1150 obvia
980 1061 1062 1149 sint
1077 1061 1120 1145 in
1139 1062 1338 1150 breviario
1360 1066 1548 1148 Romano
1577 1060 1786 1181 exempla,
1822 1059 1956 1154 inutili

570 1183 708 1274 labore
724 1209 773 1268 et
790 1178 1010 1270 indicanda
1021 1181 1262 1300 susciperem
1282 1244 1292 1269 .

1119 1412 1158 1535 t.
1207 1420 1410 1504 xxxn.

821 1603 885 1688 De
905 1598 1135 1688 auctoritate
1167 1597 1444 1716 Episcoporum
1475 1598 1518 1684 ia
1546 1606 1710 1721 hymnos

984 1720 1025 1805 iu
1043 1716 1195 1803 ecclesio
1210 1720 1364 1805 canturi
1375 1719 1506 1806 solitos
1523 1783 1534 1808 .

572 1899 672 2016 238.
689 1834 934 1985 Hactenus
958 1895 1007 1982 de
1037 1896 1210 2011 regulis,
1243 1898 1396 2012 quibus
1422 1899 1520 1988 novi
1553 1899 1698 2013 hymni
1729 1897 1853 2001 cudi,
1885 1920 1960 1988 tut

574 2019 733 2134 antiqui
752 2017 892 2106 recudi
909 2017 1091 2133 possint.
1128 2016 1331 2101 Nonnihil
1346 2018 1470 2103 modo
1490 2017 1711 2105 dicendum
1739 2045 1796 2108 est
1812 2017 1862 2103 de
1880 2047 1960 2105 au·

573 2138 781 2240 ctoritate,
811 2166 894 2250 qua
927 2133 1071 2249 hymni
1086 2134 1281 2235 correcti,
1320 2162 1392 2224 aut
1422 2136 1487 2221 alii
1519 2163 1695 2225 recentes
1712 2136 1755 2222 in
1787 2135 1959 2226 ecclesiis

572 2252 844 2372 singularibus
859 2256 940 2340 sint
954 2252 1213 2339 admittendi.
1249 2254 1474 2340 {nstituitur
1492 2281 1629 2341 autem
1658 2257 1757 2341 haec
1773 2255 1959 2369 quaestio

575 2396 663 2460 tum
684 2376 734 2460 de
754 2373 919 2488 hymnis
953 2374 997 2456 in
1029 2370 1162 2457 officio
1193 2368 1454 2457 ecclesiastico
1486 2371 1754 2489 recipiendis,
1786 2370 1961 2459 tum-de

574 2490 661 2576 aliis
676 2492 758 2581 sive
775 2492 938 2593 latinis,
968 2491 1049 2581 sive
1081 2488 1318 2605 vulgaribus
1335 2489 1379 2574 in
1411 2490 1572 2578 ecclesia
1591 2487 1883 2577 decantandis.
1909 2488 1961 2576 In

570 2610 819 2696 correctione
833 2610 1014 2714 vero,vel
1030 2607 1244 2695 additione
1260 2610 1512 2725 hymnorum
1547 2608 1652 2696 intra
1669 2607 1849 2695 officium
1866 2635 1961 2696 rur·

575 2757 644 2820 tus
663 2728 996 2847 distinguendum
1011 2754 1069 2816 est
1084 2727 1186 2815 inter
1213 2728 1461 2845 Episcopos,
1487 2730 1531 2813 in
1549 2758 1730 2844 quorum
1765 2727 1962 2816 dioecesi-

572 2846 649 2936 bus
664 2865 842 2965 receptae
857 2876 956 2937 sunt
972 2847 1109 2934 Bullae
1124 2875 1380 2934 summorum
1395 2848 1637 2936 Pontificum
1667 2848 1959 2935 correctionem

573 2964 759 3055 breviarii
778 2968 1164 3083 praescribendum,
1195 2994 1234 3054 et
1266 2967 1371 3054 inter
1388 2966 1514 3068 alios,
1547 2968 1590 3050 in
1629 2993 1810 3080 quorum
1845 2964 1961 3051 dioe-

571 3082 727 3170 cesibus
754 3116 839 3170 non
854 3113 952 3173 sunt
978 3110 1186 3201 receptae,
1219 3085 1313 3201 ipsis
1329 3085 1524 3170 Romanis
1546 3083 1810 3172 Pontificibus
1826 3083 1964 3173 scien·

574 3200 707 3302 tibus,
739 3229 779 3291 et
795 3203 1085 3304 tolerantibus3
1111 3230 1239 3317 quarn
1253 3202 1557 3291 distinctionem
1582 3197 1694 3291 affert
1710 3203 1963 3296 doctissimus

575 3321 764 3408 Pontifex·
779 3323 1022 3410 Benedictus
1038 3323 1151 3408 XIV.
1172 3323 1275 3441 (1).
1309 3325 1356 3410 In
1375 3323 1625 3412 dioecesibus
1642 3387 1656 3426 ,
1673 3352 1777 3438 quae
1802 3323 1964 3414 brevia-

576 3436 684 3524 rium
699 3443 935 3528 Romanum
950 3468 1174 3530 correctum
1189 3470 1458 3560 receperunt,
1493 3443 1594 3528 nihil
1610 3472 1722 3558 posse
1744 3440 1965 3558 Episcopus

577 3555 726 3674 addere
742 3623 755 3662 ,
788 3559 849 3650 vei
870 3588 1023 3647 mutare
1041 3562 1127 3644 sine
1146 3561 1321 3646 Romani
1338 3561 1541 3647 Pontificis
1574 3558 1865 3679 approbatione
1879 3585 1958 3693 pro

579 3700 689 3764 certo
706 3677 846 3767 haberi
864 3679 982 3767 debet
999 3711 1009 3759 .·
1041 3679 1191 3766 Merito
1209 3678 1333 3796 igitur
1348 3677 1537 3763 laudatus
1554 3676 1737 3762 Pontifex
1754 3675 1962 3764 invehitur

579 3791 623 3878 iu
640 3799 859 3910 quemdam
888 3795 1162 3913 Episcopum,
1187 3797 1261 3909 qui
1288 3793 1399 3881 aliter
1422 3794 1568 3881 sentire
1597 3793 1841 3883 videbatur.
1869 3793 1964 3883 rost

578 3913 671 4002 hoec
687 3916 871 4031 ,inquit,
883 3945 962 4035 ¹quo
979 3917 1093 3999 modo
1100 3912 1252 4026 factum
1269 3914 1348 4015 sit,
1372 3932 1417 3998 ut
1431 3914 1473 4000 in
1488 3913 1679 4030 aliquibus
1696 3912 1796 4002 uitro
1814 3931 1963 4002 murtea

577 4030 807 4125 dioecesibus
821 4067 918 4125 nouo
934 4033 1101 4151 quotidie
1122 4035 1308 4126 breviario
1324 4035 1486 4123 eduntur
1499 4097 1512 4140 ,
1527 4035 1732 4240 igssornrru
1746 4032 1839 4151 (a).
1864 4035 1960 4124 Non

629 4320 681 4405 (ι)
707 4314 761 4383 De
780 4315 875 4387 Serv.
892 4318 958 4389 Dei
977 4320 1145 4394 ueniret
1161 4319 1233 4392 Ct-
1294 4317 1527 4392 voluminibus
1542 4320 1573 4391 in
1589 4336 1691 4403 12.‚et
1703 4318 1960 4411 epistolamhoc

580 4433 659 4481 non.
678 4411 776 4504 lib-4.
791 4433 877 4501 patr.
895 4439 928 4485 2.
946 4440 1082 4509 (ερας.
1102 4422 1235 4491 numo.
1297 4418 1401 4491 ritulo
1418 4447 1427 4489 ε
1442 4429 1552 4490 lettre
1566 4419 1596 4490 d'
1610 4443 1653 4490 un
1668 4419 1961 4512 Ecclesiastiqtteae

628 4517 680 4596 (a)
701 4510 855 4581 Urbanus
869 4513 1017 4586 Robinet
1027 4519 1134 4590 edidit
1150 4541 1235 4589 anno
1302 4540 1347 4587 nn
1379 4518 1488 4600 card,
1517 4539 1560 4587 on
1587 4514 1610 4590 Γ
1623 4540 1663 4589 ott
1692 4513 1857 4613 exposcit
1877 4510 1978 4611 pin·

585 4627 691 4704 1744.
718 4610 923 4683 breviarium
972 4615 1238 4690 ecclesiasticum
1303 4613 1567 4687 dunnouveaett
1602 4614 1810 4684 Breviaire.
1839 4611 1965 4684 Dere-

582 4703 675 4775 clero
686 4708 1006 4804 propositum‚quod
1021 4717 1240 4786 aCadurcen·
1303 4711 1489 4786 formandis
1503 4713 1595 4786 horis
1611 4711 1829 4792 canonicis,et
1845 4712 1888 4782 dt
1901 4731 1965 4782 no·

584 4801 612 4871 si
629 4848 639 4881 ‚
654 4805 903 4880 cenomanensi
919 4857 930 4888 ‚
945 4811 1088 4904 aliisque
1114 4810 1243 4884 Gallia·
1306 4815 1357 4882 vis
1370 4811 1548 4882 breviariis
1558 4828 1671 4882 extant
1683 4834 1822 4902 unoque
1836 4808 1964 4904 episto·

583 4919 658 4971 rum
677 4902 1060 4998 Episcopisadoptatum
1077 4910 1156 4988 fuit,
1172 4932 1243 4979 nec·
1307 4907 1356 4979 lae
1373 4906 1512 4980 Claudii
1527 4908 1639 5005 joly,
1659 4927 1693 4981 tt
1706 4907 1854 5002 Philippi
1869 4905 1963 4977 Mea·
1981 4927 1987 4936 ·

581 5019 646 5070 nou
661 4999 866 5078 breviarium
884 5006 1158 5102 Rothomagense
1177 5007 1242 5080 tv,
1270 5001 1274 5008 ’
1302 5008 1453 5102 zangui,
1482 5007 1542 5103 qui
1562 5027 1675 5084 tamen
1691 5010 1807 5082 notior
1820 5020 1869 5078 est
1886 4999 1980 5072 red·-

1991 5265 2209 5509 Ι
