5084 6234
952 816 1596 913 accresrnsrrcrs
1890 853 1973 951 ιη

582 958 766 1054 ,retiam
781 960 827 1045 in
842 956 952 1047 viam
970 957 1182 1047 universae
1216 963 1350 1048 carnis
1370 965 1574 1083 ingresso,
1605 968 1720 1070 Nos,
1754 970 1808 1056 ita
1827 973 1970 1064 divina

581 1127 613 1174 5,
642 1079 884 1195 disponente
904 1077 1155 1181 Clementia,
1174 1082 1264 1169 licet
1297 1082 1496 1171 immerito
1531 1088 1583 1171 ad
1598 1087 1971 1208 Apostolicumapi·

506 1312 508 1318 y
583 1248 614 1292 a
643 1228 730 1284 cem
748 1195 970 1313 assumpti,
1002 1232 1096 1288 cum
1110 1230 1270 1286 sacrum
1287 1233 1392 1319 opus
1412 1269 1425 1306 ,
1455 1204 1644 1292 adhibitis
1660 1207 1781 1293 etiam
1797 1215 1852 1298 ad
1868 1212 1970 1299 illud

580 1361 612 1412 ‚a
648 1319 734 1404 aliis
748 1316 885 1434 peritis
907 1319 1032 1421 viris,
1048 1319 1218 1408 maxime
1256 1350 1491 1439 urgeremus
1511 1388 1529 1428 ,
1554 1354 1700 1441 magna
1735 1328 1777 1413 in
1795 1361 1870 1419 nos
1887 1330 1968 1420 Dei

580 1489 610 1533 η
641 1436 887 1555 benignitate
901 1438 978 1553 (sic
994 1441 1107 1528 enim
1124 1438 1369 1559 accipimus)
1381 1447 1615 1530 Romanum
1631 1446 1970 1540 hocBreviarium

579 1601 612 1654 ι,-
640 1558 819 1647 vidimue
842 1556 1117 1663 absolutum„
1139 1619 1149 1643 .
1173 1562 1304 1680 Pergit
1321 1563 1506 1651 Pontifex
1539 1564 1698 1651 abolere
1713 1567 1968 1658 Breviarium

579 1674 784 1764 Francisci
817 1676 1099 1797 Quignones,
1127 1707 1166 1769 et
1194 1712 1482 1798 quaecumque
1500 1685 1576 1770 alia
1603 1684 1667 1773 vel
1701 1685 1969 1801 antiquiora,

576 1795 642 1881 vel
660 1794 810 1910 quovis
824 1796 1033 1916 privilegio
1051 1801 1208 1886 munita
1229 1863 1245 1903 ‚
1277 1801 1517 1888 nisi-eorum
1538 1801 1765 1904 institutio,
1793 1805 1970 1895 velcon·

578 1914 758 2004 metudo
775 1915 976 2006 ducentos
992 1948 1124 2005 annos
1140 1920 1395 2009 antecesserit
1410 1980 1420 2004 .
1434 1922 1589 2011 Prodiit
1604 1949 1700 2040 ergo
1715 1924 1969 2016 Breviarium

578 2033 620 2118 8.
641 2035 701 2122 Pii
718 2038 773 2126 V.
792 2036 910 2156 jussu
926 2037 1188 2126 reformatum
1206 2069 1321 2125 anno
1342 2040 1467 2158 1568.

614 2199 619 2214 ·
644 2181 741 2267 152.
775 2157 961 2246 Maxima
979 2188 1075 2248 vero
1092 2158 1270 2247 laudedi
1300 2187 1451 2249 nusest
1465 2159 1656 2247 Andreas
1685 2161 1967 2252 Resendeele·

632 2307 711 2378 na,
737 2300 777 2363 et
793 2277 961 2394 diligens
978 2277 1147 2396 scriptor
1165 2342 1180 2381 ,
1201 2309 1241 2365 m
1288 2305 1431 2394 taeque
1449 2279 1715 2381 eruditionis,
1745 2310 1792 2368 ac
1810 2283 1969 2372 subacti

579 2396 753 2515 ingenii,
766 2396 839 2510 qui
858 2425 953 2487 ante
971 2427 1090 2484 curas
1107 2396 1351 2487 Pontificum
1368 2396 1549 2517 publicas
1564 2396 1707 2486 officiis
1717 2398 1970 2511 quibusdam

577 2515 754 2636 propriis
770 2516 1040 2606 emendandis
1055 2547 1218 2635 operam
1252 2515 1401 2608 utiliter
1418 2516 1644 2634 impendit;
1660 2547 1748 2603 non
1767 2518 1879 2603 enim
1893 2520 1965 2606 ho-

578 2663 834 2753 note,quem
850 2668 987 2728 extero
1006 2636 1135 2727 cuivis
1152 2635 1394 2755 impertirem
1408 2636 1629 2739 ,fraudare
1645 2638 1774 2727 debeo
1793 2641 1969 2725 Nostra-

575 2777 685 2854 tem,
705 2760 747 2844 si
763 2786 900 2847 tamen
915 2788 987 2874 per
1007 2759 1220 2848 Lusitanos
1237 2745 1444 2846 hominem
1459 2758 1709 2846 Eborensem
1726 2756 1780 2844 ita
1791 2757 1969 2875 appella·

576 2875 724 2964 nelioet
742 2940 753 2962 .
781 2884 858 2966 Pro
874 2878 1015 2966 officiis
1031 2876 1250 2965 Ebotensis
1276 2876 1460 2964 ecclesiae
1493 2907 1573 2964 ase
1591 2875 1777 2965 correctis
1807 2905 1967 2993 pugnat

575 2988 621 3082 in
653 2997 911 3112 responsione
943 2998 1037 3084 data
1072 3026 1185 3082 anno
1205 2996 1334 3109 1567.
1354 2995 1409 3082 ad
1426 2992 1780 3095 bartholomaeum
1796 2995 1966 3108 Quebe-

577 3112 636 3200 do
649 3115 721 3231 (a)
733 3141 894 3205 sanctae
911 3114 1132 3202 Toletanae
1152 3113 1350 3204 Ecclesiae
1368 3111 1622 3202 Sacerdotem
1632 3112 1767 3204 virum
1781 3113 1969 3202 doctissi-

573 3255 763 3338 mums„
796 3236 907 3322 Beati
933 3232 1177 3323 Gundisalvi
1200 3291 1215 3332 ,
1239 3231 1408 3345 inquit,
1441 3232 1624 3321 officium
1641 3261 1662 3317 a
1681 3262 1743 3321 me
1762 3234 1965 3353 composi-

574 3411 607 3454 „
635 3373 727 3440 turn
758 3356 854 3446 mite
874 3353 1055 3444 extollis.
1092 3352 1267 3441 Gaudeo
1282 3382 1413 3455 sane,
1437 3353 1546 3442 etita
1563 3381 1659 3443 vere
1675 3348 1864 3440 affectum·
1880 3381 1962 3439 esse

569 3463 603 3573 „¹
632 3495 669 3562 te
685 3504 771 3572 non
786 3474 922 3566 solum·
932 3472 1125 3592 gaudeo,
1152 3472 1225 3558 sed
1243 3472 1458 3561 exulto...
1481 3472 1595 3562 Cum
1627 3471 1757 3558 officia
1778 3471 1964 3556 nonnul·

573 3649 605 3696 ‚,
630 3589 668 3680 la
682 3594 810 3712 hujus
827 3621 987 3682 nostrae
1006 3590 1228 3684 Eborensis
1256 3590 1453 3679 Ecclesiae
1479 3621 1606 3678 amca
1625 3590 1787 3678 officina
1805 3588 1962 3707 prodie-

574 3766 606 3810 „
635 3710 744 3816 rint,
769 3742 820 3800 ex
856 3713 996 3800 eadem
1014 3739 1181 3798 cantum
1212 3707 1341 3826 adjeci
1360 3710 1554 3800 duobus.
1575 3769 1618 3793 ..
1647 3708 1778 3824 Quod
1792 3707 1962 3794 interro-

573 3847 605 3930 ,‚'
633 3834 776 3952 gasde
788 3834 830 3918 S.
849 3831 1023 3920 Elisabet
1037 3829 1199 3931 officio,
1230 3854 1269 3914 et
1287 3856 1340 3911 an
1354 3855 1447 3915 ante
1463 3859 1598 3915 meum
1617 3829 1695 3915 hoc
1714 3825 1828 3912 aliud
1844 3850 1962 3912 exta-

571 4009 603 4052 „
632 3976 722 4055 ret,
745 3951 863 4072 quod
880 3975 1013 4038 tamen
1032 3948 1145 4068 apud
1169 3947 1273 4034 solas
1289 3945 1469 4037 Clarales
1495 3944 1846 4037 Conimbrieensis
1861 3946 1964 4042 Par-

575 4126 608 4170 „
638 4069 826 4159 thenonis
841 4068 1060 4187 Virgines,
1087 4066 1160 4156 ubi
1176 4094 1223 4152 ea
1246 4065 1354 4156 Diva
1373 4067 1528 4187 sepulta
1545 4093 1630 4171 est,
1658 4065 1759 4153 sesto
1790 4062 1877 4182 ejus
1893 4065 1961 4149 die'

570 4245 606 4292 „
636 4186 691 4272 ad
707 4217 749 4308 4.
766 4219 896 4280 nonas
926 4187 1020 4287 ,iulii
1038 4185 1340 4292 celebraretur,
1367 4217 1499 4306 quave
1531 4186 1575 4276 id
1599 4181 1867 4287 auctoritate,
1899 4183 1959 4276 sic

626 4451 679 4540 (a)
706 4442 1237 4520 NinrlntoniusBilliennreae'
1295 4467 1361 4539 pro
1392 4444 1566 4542 Quebedo
1601 4447 1745 4541 ponitur
1772 4444 1963 4519 teberius.

579 4557 698 4619 tamn.
712 4558 882 4640 pagan.
906 4548 1076 4628 affirmat,
1106 4566 1234 4619 utram·
1295 4546 1360 4617 see
1381 4544 1541 4636 Quebedi
1557 4545 1720 4639 Epistola,
1735 4544 1793 4615 cut
1821 4566 1963 4633 respon·

577 4663 644 4742 que
661 4642 848 4736 Epistulam
866 4644 1118 4720 bartholomaei
1139 4645 1232 4736 Que·
1294 4643 1586 4725 detReseudius,
1620 4645 1714 4712 abest
1730 4642 1772 4710 ab
1798 4639 1962 4725 cnloco,

570 4742 691 4824 b'edo,
727 4757 761 4813 et
779 4743 938 4815 Andreae
961 4744 1117 4814 Resende
1135 4760 1231 4814 exta·
1294 4759 1328 4815 et
1356 4744 1398 4813 ab
1422 4740 1582 4813 omnibus
1604 4757 1752 4832 quatuor
1777 4737 1963 4811 volumini·

574 4861 611 4912 re
628 4838 661 4909 in
675 4840 863 4933 Hispaniae
881 4841 1067 4917 illustratae
1083 4840 1232 4910 volumi·
1293 4844 1357 4912 bur
1390 4838 1573 4930 Hispaniae
1604 4837 1817 4924 illustratae,
1846 4859 1958 4934 neque

572 4960 617 5009 ne
631 4941 800 5010 secundo.
817 4941 928 5020 liuius
945 4943 1083 5033 quidem
1103 4938 1233 5029 Episto·
1292 4957 1449 5012 aeonum
1465 4938 1591 5013 editam
1609 4953 1722 5035 puto·

571 5032 605 5114 la
620 5032 744 5134 legitur
758 5037 881 5114 lancia.
900 5060 921 5110 a
930 5057 1128 5140 pagnoot.
1144 5082 1156 5120 ‚
1172 5038 1241 5111 ubl·
1313 5074 1315 5078 ·
