5084 6234
696 851 781 946 3u
1105 808 1700 899 couvsamo1

689 960 915 1081 majoribus
932 952 1092 1076 gaudiis
1109 952 1343 1057 elevamur,
1371 949 1469 1067 quia
1486 982 1647 1071 repente
1663 987 1792 1047 novos
1808 954 2077 1046 [eclesiarum

690 1080 909 1204 parturisse
940 1074 1110 1197 populos
1139 1073 1370 1175 inruemur,
1402 1096 1440 1158 et
1463 1103 1644 1187 quorum
1667 1077 1914 1198 asperitatem
1944 1103 2079 1189 quon·

693 1203 790 1291 darn
813 1202 1069 1319 gemebamus
1098 1258 1112 1295 ,
1146 1194 1195 1280 de
1229 1221 1373 1278 eorum
1406 1221 1522 1283 nunc
1558 1201 1783 1313 gaudemus
1814 1194 2079 1284 credulitate.

690 1324 801 1441 Ergo
834 1315 1000 1404 materia
1030 1311 1171 1430 gaudii
1206 1312 1332 1396 nostri
1350 1310 1622 1403 tribulationis
1654 1316 1891 1435 praeteritae
1919 1313 2080 1401 occasio

690 1442 774 1530 luit
794 1505 805 1527 .
838 1437 1109 1523 Gemebamus
1124 1494 1137 1530 ,
1153 1430 1254 1514 dum
1273 1457 1564 1545 gravaremur,
1593 1436 1693 1521 dum
1719 1439 2081 1550 exprobraremur3

693 1561 766 1649 sed
791 1556 960 1679 gemitus
986 1553 1038 1637 illi
1059 1551 1101 1634 id
1114 1573 1306 1666 egerunt,
1333 1575 1379 1633 ut
1394 1548 1469 1650 hi,
1499 1549 1571 1662 qui
1607 1582 1676 1669 pet
1712 1554 1986 1641 infidelitatem
2006 1581 2083 1637 no-

695 1683 759 1773 bis
801 1700 918 1765 erent
945 1670 1142 1771 sarcina,
1174 1666 1316 1757 fierent
1339 1692 1475 1755 nostra
1517 1698 1588 1787 per
1619 1702 1737 1759 suam
1770 1673 2083 1761 conversionem

694 1827 892 1891 corona.

756 1949 796 2017 2·
832 1919 921 2001 Hoc
947 1909 1060 1995 enirn
1094 1904 1330 2025 gratulative
1357 1904 1508 2026 profert
1538 1908 1581 1991 in
1610 1907 1772 2024 psalmis
1805 1906 1980 1996 Ecclesia
2018 1906 2087 1994 di-

696 2066 792 2132 cens
806 2032 882 2151 (r)
899 2095 912 2135 ,
927 2031 971 2117 ln
982 2025 1220 2119 tribulatione
1242 2022 1417 2111 dilatasti
1430 2053 1491 2109 me
1508 2086 1519 2109 .
1539 2028 1592 2112 Et
1605 2030 1723 2113 Sarra
1741 2027 1838 2143 (2),
1854 2030 1954 2114 dum
1972 2054 2089 2143 saepe

696 2190 722 2249 a
758 2152 940 2267 Regibus
970 2142 1311 2262 concupiscitur,
1336 2172 1409 2229 nec
1450 2145 1651 2235 maculam
1685 2148 1904 2262 pudicitiae
1939 2145 2089 2248 sentit,

700 2304 745 2365 et¹
774 2274 987 2363 hbraham
1022 2295 1144 2352 causa
1171 2261 1490 2383 pulchritudinis
1526 2295 1624 2353 suae
1674 2267 1839 2356 divitem
1871 2266 2001 2367 lacit3
2035 2268 2090 2351 ab

698 2396 795 2516 ipsis
821 2389 932 2478 enim
959 2384 1138 2504 Regibus
1169 2382 1382 2471 Abraham
1415 2382 1600 2488 ditatur,
1624 2386 1817 2503 aquibus
1847 2389 1966 2473 Sarra
1983 2411 2090 2471 con-

699 2512 953 2633 cuspicitur.
989 2504 1211 2637 Condigne
1234 2533 1329 2621 ergo
1345 2501 1520 2589 Ecclesia
1551 2506 1750 2593 catholica
1777 2506 1956 2606 Gentes,
1987 2529 2093 2616 quas

699 2632 839 2726 almul-
859 2623 1026 2719 senserit
1056 2622 1149 2711 fider
1181 2651 1279 2708 suae
1315 2624 1492 2725 decore,
1523 2627 1577 2713 ad
1607 2625 1670 2713 sui
1697 2654 1764 2712 eas
1796 2623 1973 2741 sponsi,
2012 2623 2091 2707 hoc

695 2781 781 2856 est,
814 2747 969 2835 Christi
1003 2745 1118 2830 lucra
1163 2741 1389 2829 transducit
1419 2802 1434 2844 ,
1464 2767 1503 2829 et
1533 2775 1603 2862 per
1629 2774 1676 2829 ea
1721 2772 1841 2860 regna
1869 2773 1993 2829 suurn
2027 2738 2095 2829 vi·

698 2904 796 2965 rurn
828 2866 994 2958 divitem
1016 2859 1180 2958 reddit,
1212 2890 1282 2978 per
1299 2888 1406 2973 quae
1438 2888 1477 2945 se
1497 2861 1718 2976 inquietari
1742 2859 1979 2980 persenserit
1997 2857 2095 2945 .Sie

698 2995 811 3083 enirn
826 2989 928 3074 dum
952 3015 1002 3073 erc
1028 2978 1147 3068 initio
1163 2977 1390 3080 lacessitur,
1404 2976 1468 3067 vel
1483 2980 1757 3070 invidentium
1772 2980 1964 3071 dentibus
1980 3003 2094 3065 mor·

699 3115 855 3211 detur,
880 3108 982 3192 dum
1014 3100 1240 3220 premitur,
1266 3097 1481 3202 eruditum
1510 3126 1549 3186 et
1581 3104 1683 3186 dum
1710 3100 1961 3203 insectatur,
1988 3097 2094 3185 dila·

696 3255 837 3322 tatur.
876 3221 1093 3339 Quoniam
1125 3216 1320 3335 patientia
1356 3220 1726 3308 sua'aemulatores
1752 3235 1849 3308 suos
1879 3246 1954 3312 aut
1968 3248 2093 3339 supe·

701 3373 797 3452 rat,
834 3370 907 3432 aut
933 3343 1158 3429 lucratur.
1239 3432 1241 3435 ,

761 3498 804 3583 3.
837 3460 950 3555 Dicit
965 3455 1138 3546 enimad
1155 3481 1246 3540 eam
1272 3454 1438 3552 divinus
1451 3484 1584 3542 sermo
1597 3457 1672 3574 (3)
1686 3459 1842 3546 Multae
1856 3456 1968 3575 filiae
1999 3482 2096 3544 corr-

695 3610 954 3708 greguverunr
980 3575 1162 3679 divitias,
1177 3605 1218 3660 ru
1236 3604 1362 3665 aurem
1388 3605 1632 3711 supergressa
1648 3608 1688 3666 es
1701 3578 1895 3665 universas
1913 3638 1923 3658 .
1943 3572 1988 3660 Si
2007 3601 2094 3657 non

652 3769 656 3777 .
701 3706 883 3803 mirum,
914 3696 1031 3814 quod
1056 3698 1237 3783 haereses
1274 3696 1376 3783 filiae
1410 3698 1647 3801 dicuntur,
1678 3696 1749 3785 sed
1768 3694 2095 3794 attendendum,

702 3824 819 3943 quod
839 3822 930 3908 loco
959 3817 1171 3937 spinarum
1197 3842 1443 3935 ponuntur;
1461 3816 1564 3904 filiae
1597 3842 1725 3920 sunt,
1761 3816 1942 3930 eoquod
1960 3841 2010 3899 ex
2031 3840 2097 3899 se-

704 3946 814 4032 mine
848 3936 1090 4029 Christiano
1121 3964 1399 4053 generanturs
1432 3935 1571 4051 spinae
1603 3963 1738 4037 sunt,
1770 3935 1965 4047 eoquod
1997 3930 2098 4019 foris

632 4096 636 4103 ⁴
705 4092 729 4151 a
767 4060 845 4147 Dei
878 4056 1102 4156 Paradiso‚
1134 4056 1212 4142 hoc
1238 4081 1296 4144 est
1327 4119 1341 4158 ,
1367 4055 1480 4145 esna
1506 4055 1750 4148 catholicam
1769 4053 1988 4141 Ecclesiam
2011 4079 2097 4137 nu-

701 4178 969 4279 triuntur3et
1003 4177 1080 4260 hoc
1111 4203 1197 4257 non
1229 4174 1381 4264 lectura
1409 4203 1550 4263 sensus
1582 4175 1736 4277 nostri,
1768 4175 1839 4263 sed
1865 4173 2096 4294 Scripturas

700 4297 866 4391 divinae
899 4293 1134 4381 auctoritate
1167 4298 1365 4409 probatur
1398 4294 1596 4398 ,diceme
1625 4294 1840 4398 Salomone
1856 4292 1957 4411 (4):
1987 4290 2098 4379 Sicut

700 4417 823 4509 liliam
841 4416 942 4503 inter
954 4413 1087 4534 spinas
1101 4470 1114 4512 ,
1129 4411 1187 4500 sic
1201 4414 1325 4501 amica
1343 4445 1427 4503 rara
1445 4413 1661 4538 interfilias
1679 4476 1691 4499 .
1710 4421 1817 4533 Ergo
1837 4443 1888 4501 ne
1904 4438 2100 4532 magnum

702 4539 821 4629 vobis
851 4538 1089 4634 videretur,
1119 4532 1235 4644 quod
1266 4535 1448 4623 haereses
1479 4534 1626 4643 dixerit
1656 4534 1785 4639 filias,
1815 4533 2018 4638 continno
2031 4556 2100 4614 eas

709 4686 897 4744 numerat
928 4684 1009 4745 esse
1039 4651 1212 4772 spinas;
1243 4653 1425 4741 haereses
1456 4718 1472 4760 ,
1506 4654 1712 4770 inquam,
1743 4682 1816 4743 aut
1853 4654 1895 4739 in
1925 4652 2099 4765 aliquem

698 4775 907 4891 ‹sagulum
936 4774 1108 4877 mandi,
1138 4799 1211 4864 aut
1236 4773 1279 4861 in
1313 4803 1443 4866 unam
1462 4802 1624 4898 gentem
1654 4775 1927 4871 inveniuntur
1957 4792 2099 4859 versa·

701 5040 763 5129 (¹)
791 5031 968 5135 Pulla-4·
1018 5042 1074 5132 (a)
1099 4976 1329 5123 Genesin,
1356 5053 1393 5113 et
1409 5061 1468 5118 ae.
1516 5044 1577 5132 (3)
1598 5013 1784 5127 Psoi-31.
1836 5035 1892 5127 (4)
1919 5023 2101 5103 canam
2189 5026 2192 5031 ’
