5084 6234
2021 834 3134 936 eo'ruoauM‘
3749 846 3917 963 367

1161 994 1353 1082 licet
1404 990 2032 1079 animadvertere
2068 1051 2095 1089 ,
2161 989 2321 1074 die·
2360 1020 2498 1109 23.
2543 990 2908 1089 Ianuarii
2951 994 3251 1076 sextam'
3324 987 3930 1076 oecumenicam

1157 1113 1596 1228 Synodum
1661 1108 2035 1224 peculiari
2104 1108 2375 1198 officio
2436 1139 2596 1197 esse
2654 1109 3163 1209 decoratam,
3228 1109 3400 1194 aliis
3437 1106 3727 1195 diebus
3761 1139 3932 1193 me·-

1158 1234 1500 1319 moriam
1563 1228 1910 1313 aliorum
1983 1226 2556 1315 Conciliorum
2598 1228 3091 1341 'generalium
3123 1289 3150 1327 ,
3218 1255 3296 1313 et
3332 1231 3659 1314 Parrum
3697 1291 3725 1329 ,
3779 1225 3929 1340 qui

1165 1352 1280 1440 eis
1348 1348 1894 1435 interfuerunt
1961 1410 1990 1448 ,
2054 1346 2289 1433 recoli
2339 1343 2560 1450 ;.clie
2626 1375 2760 1462 24.
2803 1346 3132 1459 ejusdem
3193 1345 3502 1432 Mensis
3563 1344 3933 1444 januarii

1166 1466 2022 1559 commemorationem
2082 1466 2456 1553 celebrari
2523 1465 2794 1583 magni
2830 1491 3407 1568 terraemotus,
3473 1465 3620 1577 qui
3652 1465 3934 1580 Theo-

1160 1588 1394 1674 dosio
1454 1586 1791 1685 Juniore
1853 1585 2290 1703 imperante
2348 1591 2497 1698 'per
2568 1610 2722 1672 tres
2793 1584 3144 1701 integros
3203 1584 3370 1672 dies
3438 1581 3932 1671 Constanti-

1156 1704 1526 1823 nopolim
1584 1704 1997 1791 concussit
2029 1767 2049 1786 .
2120 1702 2269 1796 De,
2313 1701 2589 1787 Natali
2642 1732 2834 1789 vero
2874 1701 3001 1787 die
3034 1702 3394 1820 ejusdem
3426 1699 3651 1787 urbis
3685 1701 3960 1787 Con-²

1152 1824 1927 1940 stantinopolitanae
1994 1823 2081 1907 id
2141 1822 2495 1905 Menaea
2568 1821 2878 1906 Graeca
2946 1820 3568 1937 praescribunt:
3630 1822 3926 1906 Eodem

1149 1948 1435 2032 Mense
1495 1943 1636 2056 (Μ
1644 1940 1819 2054 ajo)
1878 1941 2276 2028 undecima
2337 1938 3116 2026 commemorationem
3194 1938 3680 2056 spiritualiter
3711 1934 3930 2048 filci-

1148 2053 1544 2178 mus·-'tliei
1593 2062 1903 2148 Natalis
1958 2060 2187 2175 hujus
2235 2083 2284 2142 a
2324 2056 2494 2142 Deo
2521 2057 2935 2145 custoditae
2970 2122 2997 2161 ,
3074 2086 3150 2144 et
3179 2060 3480 2145 urbium
3516 2057 3871 2179 Reginae
3897 2095 3966 2157 ,z

1147 2199 1345 2297 quae
1367 2178 1776 2296 praecipue
1816 2180 2343 2267 commendata
2406 2197 2519 2260 est
2550 2177 2936 2262 Dominae
2982 2198 3289 2265 nostrae
3352 2200 3665 2267 sanctae
3727 2177 3930 2263 Dei-
3955 2215 3972 2232 ·

1132 2319 1384 2416 pat-ae
1450 2361 1479 2400 ,
1510 2320 1611 2383 'et
1654 2300 1754 2383 ab
1800 2329 1891 2385 ea
1951 2325 2245 2415 semper
2299 2321 2596 2382 servata
2655 2321 2771 2381 est
2802 2356 2825 2379 .
2891 2296 3533 2416 subjunguntur
3601 2296 3689 2383 hi
3752 2295 3968 2380 duo*

1154 2421 1435 2507 versus
1464 2479 1496 2518 ‚
1936 2413 1945 2421 ’
2272 2443 2277 2448 ·
3949 2449 3966 2462 ·

1505 2535 1870 2620 Natalem
1936 2532 2133 2617 diem
2204 2552 2425 2620 tuum
2489 2558 2781 2647 oportet
2837 2562 2959 2617 me
3015 2537 3386 2619 honorare
3419 2597 3449 2638 ,

1518 2650 1711 2737 Cum
1776 2650 1858 2735 in
1929 2679 2005 2740 te
2038 2713 2069 2752 ,
2143 2653 2342 2739 Urbs
2372 2713 2401 2753 ,
2463 2651 2800 2738 natalem
2860 2650 3058 2737 diem
3107 2651 3424 2739 sortitus
3482 2651 3692 2741 sim.

1148 2772 1255 2855 ln·
1274 2770 1549 2859 officio
1575 2801 1771 2861 vero
1804 2772 2213 2860 habentur
2248 2795 2582 2871 cantus,
2621 2795 2708 2855 et
2740 2771 3031 2883 hymni
3068 2772 3154 2858 in
3192 2771 3519 2860 laudem
3554 2767 3922 2890 ejusdem
3957 2851 3968 2862 ..

1146 2883 1377 3006 urbis
1404 2952 1433 2992 ,
1483 2917 1562 2978 et
1613 2893 2083 2980 memoriam
2110 2889 2690 2978 beneficiorum
2723 2952 2755 2991 ,
2782 2890 3085 3004 quibus
3119 2920 3164 2976 a
3196 2889 3388 2977 Deo
3427 2887 3706 2977 affecta
3742 2892 3864 2978 est
3890 2948 3914 2971 .
3935 2907 3974 2974 ⁸.

1143 3009 1321 3093 Sed·
1373 3008 1483 3092 ad
1534 3010 2012 3094 Concilium
2078 3008 2548 3094 Nicaenum
2608 3009 2841 3121 quod
2904 3007 3187 3095 attinet
3248 3072 3277 3110 ,
3363 3009 3722 3127 plerique
3779 3035 3927 3095 ve·-

1147 3143 1411 3212 terum
1484 3128 1682 3240 318.
1721 3129 1990 3211 Patres
2035 3123 2454 3209 communi
2488 3153 2768 3210 omnes
2821 3122 3060 3210 laude
3120 3139 3792 3243 prosequuntur,
3845 3149 3928 3214 et

1145 3243 1524 3354 mysticas
1563 3240 2193 3361 significationes
2251 3240 2405 3327 illis
2432 3241 2913 3359 applicant3
2987 3241 3307 3360 fuitque
3373 3247 3570 3333 olim
3604 3245 3692 3331 in
3740 3274 3970 3330 mo-..

1146 3389 1231 3447 re
1308 3361 1663 3479 positum
1711 3361 2143 3449 anathema
2194 3364 2517 3479 ‘precari
2583 3360 2683 3449 iis
2730 3425 2760 3462 ,
2818 3364 2966 3478 qui
3032 3392 3267 3480 pacta
3306 3429 3333 3468 ,
3382 3392 3465 3454 et
3491 3365 3958 3482 sepulchra..

1145 3509 1433 3567 eorum
1464 3481 1901 3572 violassent
1929 3541 1957 3581 ,
1993 3506 2089 3570 ut
2136 3504 2456 3569 constat
2483 3509 2582 3566 ex
2618 3482 3009 3567 Eduardo
3045 3482 3442 3571 Corsi'nio
3474 3485 3855 3598 Disert.3·.
3896 3540 3919 3565 .
3957 3553 3966 3564 .

1144 3593 1531 3686 Kirkerus
1559 3626 1975 3718 praeterea
2014 3600 2251 3686 refert
2285 3599 2367 3682 in
2407 3597 2801 3684 Prodrom.
2835 3599 3269 3711 Koptossiue
3303 3607 3814 3725 Aegyptaeap.
3838 3627 3919 3686 2.

1152 3717 1531 3835 Coptitas
1563 3781 1592 3820 ,
1657 3747 1735 3807 et
1766 3719 2211 3835 Aethiopas
2244 3714 2338 3800 in
2373 3713 2913 3803 Confessione
2944 3707 3306 3836 liturgica
3357 3724 3556 3838 318.
3592 3718 3763 3805 illos
3791 3722 3930 3803 Pa-

1152 3858 1313 3923 tres
1359 3865 1513 3954 pro
1594 3837 1913 3924 Sanctis
1976 3836 2460 3936 nominare,
2522 3838 2721 3950 quia
2759 3899 2786 3937 ,
2849 3860 2944 3923 ut
3004 3864 3214 3926 recte
3288 3840 3400 3927 ait
3457 3836 3950 3925 Paschasius

1150 3953 1581 4052 Diaconus
1641 3956 1724 4042 in
1760 3954 2098 4073 praefat.
2157 3956 2326 4042 Lib.
2376 3957 2472 4039 de
2506 3955 2804 4071 Spiritu
2857 3977 3186 4058 sancto;
3235 3959 3439 4047 Etsi
3482 3987 3591 4045 ex
3615 3960 3758 4043 hoc
3789 3986 3974 4041 tiu-.-

1161 4101 1367 4158 mero
1385 4105 1807 4188 paucorum
1857 4072 2257 4196 fragilitas
2284 4073 2688 4163 declinavit
2718 4135 2748 4175 ,
2808 4073 3255 4163 universalis
3310 4077 3570 4165 tamen
3631 4071 3974 4188 numeri.

1167 4191 1603 4308 mysterium
1659 4226 1817 4281 non
1878 4193 2179 4281 resolvit
2215 4257 2238 4280 .
3338 4228 3346 4236 ·
3479 4197 3490 4212 '
3657 4239 3662 4248 ·

1274 4336 1368 4424 4.
1433 4311 1826 4399 Ceterum
1889 4343 2059 4400 non
2134 4313 2221 4398 id
2249 4312 2498 4399 modo
2559 4312 2929 4430 agimus,
2994 4338 3089 4401 ut
3117 4341 3270 4432 pro
3335 4311 3680 4432 alicujus
3711 4311 3950 4397 Con·-

1156 4424 1313 4514 cilii
1387 4427 1591 4517 festo
1663 4432 2169 4519 instituendo
2229 4459 2738 4550 pugnemus,
2785 4433 2928 4519 sed
2972 4462 3124 4552 pro
3156 4433 3702 4522 celebratione
3737 4437 3962 4514 con-⁶

1166 4547 1570 4636 versionis
1636 4578 1955 4637 nostrae
1990 4551 2278 4637 Gentis
2311 4616 2340 4656 ,
2413 4582 2582 4668 qua
2615 4556 2934 4640 bonum
2999 4582 3046 4640 a
3083 4551 3261 4638 Deo
3298 4549 3560 4667 majus
3607 4577 3757 4633 nec
3794 4545 3943 4632 de·-
4017 4581 4024 4589 ·

1165 4664 1502 4752 siderari
1573 4695 1838 4787 potest
1868 4734 1896 4772 ,
1961 4700 2113 4756 nec
2166 4669 2401 4757 dari.
2466 4672 2731 4788 Quod
2775 4669 2845 4758 si
2896 4673 2982 4756 in
3043 4667 3414 4758 Ecclesiis
3477 4664 3966 4785 Ηὶεραῆίῃὶρῖ

1176 4782 1653 4875 festivitates
1712 4790 2119 4905 quaedam
2202 4790 2804 4879 anniversariae
2868 4790 3078 4906 justa
3163 4785 3498 4905 quidem
3529 4782 3958 4888 ·ratione,··

1176 4902 1325 4984 oed-
1368 4905 1715 4995 -minoris
1764 4938 1959 4995 sane
2020 4908 2406 5026 ponderis
2473 4933 2892 5024 tamquam
2952 4901 3700 5029 ingratiarumaffl

1176 5016 1685 5121 celebrantur
1713 5089 1744 5135 ,
1809 5028 2020 5145 quid
2082 5057 2381 5120 causae
2440 5058 2604 5121 esse
2634 5053 2950 5149 potest,
3009 5057 3160 5118 cur
3216 5021 3372 5117 ad*-
