5084 6234
864 791 1514 885 ECCLESIASTICIS
1786 830 1874 921 193

502 981 522 1020 ,·
557 968 655 1053 ary.
685 935 878 1053 improbo
894 936 1180 1049 rhythmorum
1195 936 1324 1024 labori
1348 934 1637 1055 conjungenda
1657 960 1715 1026 est
1732 965 1879 1058 opera,

493 1088 610 1178 quae
638 1058 682 1141 in
709 1054 879 1169 hymnis
905 1055 1163 1170 alphabeticis
1191 1056 1434 1142 ordinandis
1461 1056 1681 1143 insumitur
1705 1087 1817 1172 :qua
1835 1057 1880 1146 in

497 1181 692 1296 palaestra
707 1175 923 1266 desudavit
935 1173 1164 1273 Ferrarius,
1189 1174 1261 1288 qui
1280 1175 1329 1260 de
1347 1177 1424 1261 hoc
1440 1202 1612 1262 suorum
1626 1174 1900 1286 hymnorum·

492 1294 753 1390 artificionos
769 1282 954 1380 certiores
972 1290 1132 1392 reddit,
1158 1294 1310 1378 Horum
1322 1295 1551 1410 praecipuos
1558 1294 1681 1408 juata
1697 1323 1883 1409 quorum·

492 1417 583 1514 lam
614 1410 863 1526 estantiquis
893 1414 1111 1508 hebreorum
1142 1440 1274 1497 aarum
1305 1413 1612 1499 consuetudinem
1643 1440 1793 1499 semaco
1810 1444 1883 1531 per

491 1532 647 1652 singula
662 1557 866 1616 metrorum
884 1531 1012 1647 capito
1024 1530 1213 1647 ablraberi
1228 1530 1360 1617 ordine
1388 1531 1550 1619 exaravi
1568 1594 1579 1616 .
1611 1535 1800 1648 Persaepe
1819 1558 1884 1620 ta-
1955 1530 1957 1535 ’

496 1680 590 1748 men
606 1649 660 1734 illi
677 1647 851 1750 accidit,
885 1675 933 1737 ut
947 1648 1117 1736 Litterae
1133 1648 1293 1736 initialis
1318 1651 1546 1740 necessitate
1572 1675 1736 1738 coactus
1753 1650 1884 1746 adres

494 1793 707 1855 extraneas
719 1765 937 1857 avolaverit
953 1796 965 1851 c
986 1793 1032 1855 ur
1051 1765 1213 1855 infesto
1234 1770 1483 1858 Pentecostes
1510 1799 1531 1853 e
1550 1769 1719 1856 flammis
1737 1767 1886 1862 amoris

437 1989 443 1997 ¹
498 1885 633 1974 divini
667 1884 722 1970 ad
736 1885 1005 2003 Xenophanis
1041 1886 1234 1974 iambicos
1251 1915 1389 1976 versus
1421 1888 1611 1975 Litteram
1630 1890 1670 1974 X
1685 1916 1887 2001 quaerens

501 2002 712 2123 confugit:
730 2005 976 2120 Xenophanis
1003 2034 1071 2092 ceu
1088 2003 1215 2093 Lesbii
1237 2056 1258 2071 -
1292 2007 1348 2090 Te
1365 2006 1540 2093 iambicis
1561 2007 1806 2093 attollimus.
1833 2004 1887 2100 Et

498 2121 543 2210 in
572 2124 753 2220 lestoSS.
770 2121 969 2243 Corporis
999 2122 1154 2211 Christi
1180 2152 1255 2240 pro
1283 2122 1431 2211 Littera
1454 2128 1496 2211 X
1520 2124 1718 2214 exercitus
1751 2123 1886 2216 Xersis

499 2239 669 2358 arripit.
701 2241 833 2326 Xersis
848 2248 954 2330 haud
970 2262 1027 2328 tot
1041 2243 1256 2361 colligimus
1282 2245 1532 2361 phalanges.
1558 2247 1696 2359 Atque
1723 2242 1776 2328 ita
1801 2244 1887 2346 sete
1919 2293 1921 2302 ·
1954 2238 1958 2248 ’

500 2387 577 2474 pro
608 2358 756 2447 Littera
790 2358 1087 2479 Yexpiscanda
1121 2362 1164 2444 in
1199 2362 1390 2464 alienat,
1421 2362 1699 2477 absurdasque
1726 2387 1890 2449 senten.

499 2475 577 2568 tias
591 2540 606 2581 ,
622 2506 860 2597 argumento
874 2480 1037 2567 minime
1054 2480 1373 2582 convenientes,
1390 2478 1641 2598 prolabitur.

1041 2597 1193 2718 Regula
1235 2598 1362 2686 uinta.
1415 2700 1417 2703 ¹

674 2719 830 2806 Praeter
854 2717 1016 2806 usitatas
1037 2718 1077 2804 in
1094 2722 1244 2836 hymnis
1270 2717 1384 2805 metri
1400 2717 1539 2833 species
1553 2750 1631 2810 non
1648 2747 1705 2808 est

501 2917 506 2926 .
942 2836 1448 2955 aavaaliqaainaacenaa.

509 2999 513 3006 ·
559 2953 659 3040 218.
681 2953 899 3070 ‚Quinque
935 2954 1186 3071 hymnorum
1219 2956 1369 3074 species
1401 2956 1444 3037 in
1472 2955 1671 3046 breviario
1691 2960 1891 3054 Romano.

495 3071 691 3187 Guyetus
707 3102 899 3162 recenset.
919 3076 1049 3160 Prima
1065 3100 1122 3160 est
1139 3075 1299 3162 iambici
1316 3073 1473 3159 dimetri
1493 3078 1595 3170 :lam
1622 3075 1717 3162 lucis
1732 3104 1814 3162 arto
1829 3077 1890 3186 sip.

498 3193 617 3278 dere.
647 3194 784 3282 Altera
814 3221 871 3281 est
886 3192 1066 3309 sapphici
1099 3220 1194 3278 cum
1210 3216 1360 3307 quarto
1396 3191 1550 3278 adonio
1569 3220 1580 3277 z
1599 3194 1672 3279 lste
1696 3193 1890 3307 confessor

500 3305 664 3396 Domini
693 3311 883 3398 colentes.
915 3311 1055 3401 Tertia
1088 3310 1321 3428 asclepiadei
1353 3310 1496 3429 juncto
1523 3336 1613 3429 post
1641 3336 1718 3399 tres
1747 3341 1891 3402 versus

495 3428 719 3549 glyconio:
737 3432 966 3518 Sanctorrrm
995 3430 1138 3518 meritis
1167 3431 1306 3548 inclara
1344 3431 1489 3548 gaudia
1516 3493 1528 3513 .
1558 3430 1721 3544 Quarta
1737 3432 1888 3547 species

496 3571 560 3646 ,est
591 3546 754 3637 iambici
787 3550 952 3636 trimetri
967 3578 1063 3651 ,ut
1094 3549 1262 3636 infesto
1295 3550 1361 3633 SS.
1378 3548 1665 3663 Apostolorum
1686 3548 1820 3652 Petri,
1848 3570 1890 3640 et

397 3676 402 3772 j
499 3664 620 3753 Pauli
634 3728 645 3768 ,
659 3665 810 3754 Decora
829 3670 902 3754 lae
916 3664 1151 3752 aeternitatis
1166 3695 1373 3767 ,auream
1401 3667 1450 3749 ln
1470 3666 1614 3780 quinta
1630 3667 1890 3786 specierepn

387 3791 395 3799 ”
498 3813 664 3886 nuntur
687 3784 901 3872 trochaici:
918 3788 1051 3903 Pange
1065 3784 1199 3905 lingua
1215 3781 1375 3903 gloriosi
1390 3830 1412 3848 -
1427 3785 1614 3870 lauream
1641 3786 1885 3876 certaminis.

500 3903 802 3997 Animadvertit
819 3902 1010 4018 Guyetus
1023 3964 1041 4006 ,
1070 3930 1164 3991 ante
1193 3901 1489 3991 correctionem
1507 3904 1791 3993 Urbanianam
1804 3905 1889 4024 hy·

497 4201 640 4299 “genetis
655 4250 666 4283 ‚
682 4210 781 4295 qnod,
794 4201 1030 4300 pyrrhichium
1049 4205 1163 4299 primo
1223 4203 1335 4276 nullos
1364 4201 1611 4277 'ecclesiasticos
1629 4221 1787 4280 auctores
1805 4202 1887 4299 imi·

504 4300 586 4374 loco
615 4301 765 4377 admittit
791 4331 801 4388 3
834 4304 884 4374 illi
911 4323 1023 4376 autem
1039 4350 1050 4384 ,
1072 4317 1163 4397 ‘quos
1225 4303 1357 4375 cabitur
1384 4346 1395 4385 ,
1425 4326 1554 4375 necnon
1587 4305 1770 4384 Graecos,
1796 4325 1888 4396 quo·

504 4396 701 4472 Hadrianus
732 4402 920 4494 lmperator
935 4405 1080 4474 moriens
1094 4404 1163 4474 fer·
1224 4424 1300 4474 turn
1314 4400 1418 4494 aliqui
1436 4401 1554 4497 hymni
1564 4403 1717 4475 versibus
1726 4400 1890 4498 politicis.

503 4518 562 4570 tur
577 4496 758 4580 effudisse,
775 4520 850 4569 sunt
868 4499 1003 4572 iambici
1014 4501 1163 4580 dimetri,
1214 4505 1262 4571 ¹ut
1279 4500 1342 4591 ipsi
1362 4503 1482 4583 ajunt,
1515 4523 1636 4592 nempe
1651 4498 1888 4594 rhythmicis,

529 4617 650 4672 uorum
670 4595 798 4687 primus
812 4645 823 4677 ‚
838 4602 1030 4683 secundus,
1045 4624 1082 4673 ac
1096 4618 1163 4680 ter·
1223 4602 1441 4691 procedunt.
1475 4599 1579 4688 Apud
1610 4596 1745 4668 Latinos
1774 4589 1890 4688 aute'nr

503 4710 571 4765 trus
600 4717 658 4785 per
686 4715 828 4787 possunt
857 4720 928 4767 esse
957 4692 1087 4780 iambi,
1105 4695 1161 4769 vel
1225 4693 1378 4767 melioris
1415 4710 1514 4765 notae
1546 4696 1666 4764 desunt
1691 4685 1898 4778 huiusmodi·

500 4790 691 4883 spondaei,
725 4793 779 4867 vel
801 4794 997 4887 anapaesti,
1025 4796 1081 4867 vel
1101 4795 1164 4867 tri·
1223 4791 1407 4886 exempla.
1439 4792 1567 4862 Versus
1595 4791 1726 4884 politici
1743 4787 1894 4886 quinde-¹

498 4888 617 4960 brachi
633 4939 643 4961 .
670 4891 745 4975 lam
770 4892 879 4989 siquis
908 4896 1073 4987 rhythmo
1089 4894 1163 4965 solo
1223 4890 1291 4961 cim
1306 4889 1447 4985 syllabis
1460 4887 1612 4968 conclusi
1627 4892 1719 4985 apud
1733 4892 1886 4980 Graecos

500 4987 649 5083 hymnos
663 5013 872 5104 cpmppnere
891 4990 1039 5080 voluerit
1052 5004 1163 5096 ,oon'e
1181 5073 1186 5081 ,
1201 5075 1205 5081 ,
1223 4988 1356 5084 mediae
1370 4990 1487 5065 aetatis
1504 4988 1631 5114 inuenti
1649 5007 1753 5082 sunt..
1886 5073 1889 5078 ¹
