5084 6234
870 757 1588 910 accussrasrrcrs
1827 759 1918 919 aar

513 963 672 1086 pridem
718 962 871 1053 detexit
898 962 1134 1051 Cardinalis
1165 960 1435 1079 Quignonius
1480 961 1524 1045 in
1563 956 1804 1079 praefatione
1859 962 1914 1054 ad
1969 1031 1972 1038 ,

516 1081 764 1178 breviarium
778 1084 877 1200 (a),
903 1084 948 1167 in
964 1113 1050 1196 quo
1068 1111 1209 1168 omnes
1224 1081 1397 1196 psalmos
1414 1080 1585 1196 singulis
1599 1077 1831 1197 septimanis
1845 1078 1906 1165 le-

511 1203 667 1325 gendos
697 1202 1039 1317 praescripserat.
1070 1203 1171 1290 llluel
1199 1222 1288 1285 ante
1317 1201 1448 1287 omnia
1482 1199 1607 1284 visum
1643 1226 1699 1285 ert
1722 1195 1832 1285 nohis
1863 1198 1907 1285 in

513 1319 825 1414 coruuetudiaem
841 1350 1042 1421 revocare,
1068 1340 1114 1404 ut
1128 1319 1319 1431 scripturn
1341 1348 1448 1405 satra
1466 1317 1639 1403 maxime
1653 1318 1825 1423 omnium
1845 1341 1910 1407 to«

516 1440 555 1530 ro
569 1470 673 1529 anno
691 1500 705 1538 ,
734 1468 772 1524 et
788 1469 916 1524 ornnes
925 1439 1068 1554 psalmi
1078 1438 1243 1560 siugulis
1257 1436 1486 1555 septimanis
1502 1438 1743 1556 legerentur.
1763 1494 1803 1522 ..
1826 1441 1908 1525 Ar·-
1958 1532 1960 1535 ,
2096 1522 2099 1527 ,

514 1592 586 1679 que
600 1586 745 1644 uanam
763 1587 840 1641 tam
858 1555 1004 1668 robusti
1017 1588 1208 1659 essemus,
1240 1579 1285 1644 ut
1299 1578 1421 1644 totum
1439 1555 1555 1643 eriam
1572 1577 1680 1641 vetus
1697 1581 1906 1641 testamen-

515 1706 597 1765 tum
615 1675 656 1760 in
672 1705 777 1761 enno
787 1676 980 1789 perleeere
991 1705 1067 1761 noa
1082 1705 1367 1795 gravaremur.
1386 1736 1396 1758 .
1414 1739 1425 1761 .
1442 1675 1555 1794 Sicui
1570 1705 1662 1792 ergo
1677 1673 1903 1761 laboriosum

515 1797 558 1884 in
574 1801 645 1882 hoc
661 1792 846 1880 breviario
859 1795 1045 1881 vadabitur
1052 1798 1234 1910 pleraque
1248 1796 1378 1881 omnia
1393 1826 1446 1881 ee
1459 1794 1554 1881 libro
1568 1795 1647 1912 legi
1656 1859 1670 1896 ,
1701 1822 1787 1879 eum
1802 1796 1909 1881 mul-

410 1937 413 1942 '
515 1941 557 2001 ta
575 1914 617 2001 in
630 1910 739 2008 allo,
767 1942 864 2028 quae
872 1943 1029 2031 propter
1034 1915 1274 2031 frequentem
1290 1913 1547 2032 repetitionem
1568 1914 1817 2012 ediscuntur,
1830 1942 1913 1999 met
1951 1983 1961 1991 .

516 2030 1012 2147 morirerpronuncientur,
1041 2049 1261 2149 compenset
1290 2062 1376 2119 eum
1410 2035 1482 2121 hoe
1496 2034 1622 2119 labore
1648 2030 1904 2151 cognitionem

415 2237 418 2242 .
516 2180 644 2239 caerae
675 2150 934 2267 Scripturae,
961 2183 1058 2270 quae
1089 2152 1145 2239 sic
1172 2150 1214 2236 in
1244 2149 1324 2235 dies
1351 2152 1557 2271 augescit,
1588 2172 1627 2237 et
1653 2149 1903 2266 intentionem

515 2268 639 2357 atumt‘
653 2333 675 2372 ,‚
695 2300 810 2402 puam
829 2267 939 2354 Deus
954 2290 1045 2357 ante
1061 2268 1190 2357 omnia
1223 2263 1521 2381 imprecantibus
1553 2269 1740 2383 requirit,
1771 2270 1917 2385 (hant

514 2386 616 2500 enim
631 2410 813 2502 majorem
828 2388 1067 2506 legentibus,
1087 2414 1206 2504 quam
1222 2386 1438 2472 memoriter
1455 2382 1733 2501 profitentibus
1765 2384 1908 2472 adesse

516 2534 663 2593 necesse
678 2506 1213 2620 septimanariorum
1231 2532 1310 2590 non
1322 2504 1443 2593 solum
1450 2503 1781 2621 fluctuosumeeel
1790 2501 1916 2594 euitat·

518 2624 723 2713 salutarem
730 2624 947 2740 judicabit.
1688 2678 1692 2685 ·
1890 2685 1892 2692 ·

583 2770 683 2856 254.
719 2746 881 2863 Hisego
899 2744 1129 2837 rationibus
1150 2743 1301 2833 ductus
1329 2742 1612 2833 eminentiores
1626 2740 1829 2858 quosdam
1844 2743 1915 2832 Hi·

522 2862 689 2977 spaniae
705 2865 902 2967 Semeros,
927 2866 1003 2979 qui
1023 2869 1102 2954 hoc
1120 2864 1277 2952 honore
1306 2869 1501 2956 carebant
1515 2859 1538 2968 ,‘
1562 2863 1726 2973 hymnis
1739 2866 1914 2983 propriis

520 2977 786 3084 celebrandos
801 3012 882 3069 esse
895 2986 1124 3083 extimavi,
1154 3014 1398 3101 magnopere
1413 3010 1638 3100 exoptans,
1672 3005 1718 3066 ut
1742 2982 1912 3072 univer·

519 3123 587 3182 eae
622 3098 916 3214 Hispaniarum
941 3100 1170 3196 Ecclesiae,
1199 3099 1539 3214 quandoquidem
1569 3097 1614 3181 in
1647 3096 1705 3184 eis
1733 3099 1913 3213 proeliis

519 3214 688 3300 minoris
704 3244 800 3303 sane
821 3216 1002 3305 nominis
1016 3215 1123 3305 lestis
1147 3217 1292 3330 hymni
1307 3216 1460 3337 proprii
1478 3218 1780 3320 decantantur,
1811 3218 1918 3308 simi·

457 3338 460 3344 '
520 3331 555 3417 le
575 3331 700 3422 decus
720 3393 735 3432 ‚
774 3333 1010 3453 cultumque
1027 3337 1271 3456 peculiarem
1289 3336 1524 3456 proceribus
1537 3333 1663 3454 ipsis,
1690 3336 1843 3450 quibus
1863 3337 1916 3427 fi-

526 3448 619 3538 dem
635 3455 874 3550 catholicam
905 3481 1139 3575 acceptam,
1173 3482 1479 3561 conservatam,
1507 3454 1916 3571 auctamquereferre

528 3564 706 3679 debent,
741 3576 874 3666 nolint
892 3575 1101 3682 invidere,
1125 3579 1189 3672 vel
1206 3602 1309 3666 certe
1326 3576 1432 3663 hanc
1448 3573 1728 3663 solemniorem
1745 3571 1915 3665 celebri-

575 3850 627 3940 (a)
656 3843 849 3920 cardinalis
875 3843 1075 3919 Franeiecue
1100 3846 1190 3945 Qui·
1248 3848 1281 3923 la
1306 3844 1411 3918 foisse
1436 3845 1702 3923 concinnatum.
1727 3843 1841 3929 Halos
1856 3863 1916 3919 au·

525 3944 701 4037 monteio
719 3948 781 4019 hae
799 3945 1061 4041 praelatiooead
1087 3972 1187 4022 seem
1248 3945 1408 4021 ctoritate
1434 3943 1492 4020 lcl.
1513 3942 1682 4018 Xaverius
1714 3940 1910 4037 thrnpillae

523 4040 734 4119 breviarium
746 4045 849 4121 trium
866 4044 1051 4120 lectionum
1061 4043 1186 4122 iterum
1247 4060 1367 4121 tome.
1376 4058 1505 4143 perta.
1519 4043 1739 4141 apologetice·
1753 4043 1915 4142 special·

523 4138 683 4223 editum,
700 4165 738 4215 ac
756 4144 971 4241 recognitum
987 4144 1131 4240 ingenue
1144 4146 1187 4220 la
1246 4146 1299 4220 ais
1309 4158 1458 4316 pegam
1473 4190 1498 4225 2,
1515 4141 1770 4229 E'indubilatos
1790 4140 1913 4239 lnquit»

527 4249 644 4318 tetur,
661 4260 697 4309 ee
713 4238 744 4308 in
761 4266 803 4313 eo
819 4243 1034 4317 conficiendo
1047 4247 1089 4321 ab
1103 4244 1188 4317 ami·
1248 4265 1310 4329 „e
1336 4266 1355 4316 e
1370 4240 1540 4336 D.Diego
1554 4242 1657 4318 Neila
1669 4245 1755 4318 ebbe
1771 4246 1801 4320 la
1815 4255 1912 4340 mag·

526 4332 603 4414 cis,
620 4332 868 4421 familiaribus,
887 4342 1067 4436 doctisque
1083 4343 1189 4428 Viris,
1249 4341 1372 4469 „pier
1384 4356 1482 4435 parre
1496 4338 1549 4413 nel
1566 4344 1714 4419 formate
1722 4350 1818 4422 detto
1829 4343 1916 4416 hre-

526 4432 682 4515 adiutum
714 4479 724 4501 .
755 4434 926 4510 Genesius
970 4438 1191 4533 Sepulreda,
1250 4488 1278 4527 „
1295 4440 1476 4523 viario‚,.
1505 4441 1558 4513 Ac
1575 4440 1718 4518 fortasse
1736 4446 1916 4518 itarerete

526 4527 800 4630 elegantissimus
816 4536 889 4614 eius
906 4536 1011 4610 seculi
1040 4540 1193 4634 scriptor
1251 4537 1404 4623 accidire
1422 4539 1480 4610 sed
1511 4541 1668 4614 doctrina
1694 4537 1915 4639 Quignooint

526 4626 563 4699 in
578 4626 728 4724 Epistola
746 4629 889 4710 rooait,
905 4630 1078 4714 Didaeun
1091 4640 1192 4735 Nep·
1250 4655 1294 4714 aa
1307 4639 1404 4718 ereb,
1425 4653 1465 4707 ut
1480 4657 1541 4727 pet·
1557 4660 1593 4707 se
1607 4641 1760 4733 potuerit
1777 4637 1917 4712 breria-

528 4718 561 4796 la
589 4727 763 4819 suppetiae
778 4726 955 4800 Cardinali
986 4730 1190 4828 Quignonio
1250 4736 1295 4809 rii
1309 4756 1397 4820 opus
1414 4738 1561 4804 maxima
1573 4755 1722 4829 exparte
1736 4738 1913 4831 perficeret

530 4825 739 4898 contulisse.
756 4827 905 4899 Vasaeus
918 4828 954 4899 itt
972 4828 1093 4902 (brar.
1108 4834 1190 4904 tile·
1249 4852 1285 4908 et
1296 4832 1464 4903 Vasaeum
1480 4834 1704 4908 narrationem
1721 4850 1916 4930 exaggerat·

524 4929 606 5093 pen.
621 4925 766 4998 ulterius
796 4948 994 5020 progressus
1016 4927 1160 5003 affirmat
1175 4977 1208 5014 ,⁴
1249 4954 1286 5005 se
1305 4951 1370 5001 non
1385 4927 1569 5001 difficulter
1581 4936 1740 5008 credam.
1773 4936 1855 5033 Qua
1866 4938 1911 5007 de
1933 4987 1937 4995 ·

558 5019 1047 5127 retiariumiuttuQeignonii
1061 5028 1192 5131 eNep·
1250 5027 1701 5134 caneertuueppentice
1714 5034 1886 5109 ueuodr.
