5084 6234
698 843 779 934 194
1065 805 1653 934 «βΠΕιΗΥΜιΝΙὸ
1697 829 1709 880 ῑ’

690 981 809 1048 mnos
826 955 987 1042 infesto
1020 947 1287 1040 dedicationis
1304 953 1424 1041 fuisse
1442 948 1691 1062 trochaicus,
1712 985 1787 1077 pro
1802 957 1954 1073 quibus
1972 961 2073 1048 sub·

689 1078 815 1169 trituti
830 1100 932 1163 suat
947 1073 1107 1162 iambici
1124 1072 1284 1158 dimetri
1314 1101 1382 1161 sex
1402 1104 1541 1164 versus
1569 1077 1610 1161 in
1638 1084 2078 1199 unaquaquestropha

691 1196 1024 1313 complectentes,
1054 1191 1170 1307 quod
1197 1218 1350 1284 novum
1370 1196 1570 1281 hactenus
1588 1195 1750 1298 iuerat,
1783 1225 1878 1283 cum
1895 1195 2077 1317 singulae

688 1318 874 1434 strophae
902 1314 941 1397 ia
972 1311 1134 1428 hymnis
1153 1311 1332 1400 iambicis
1357 1312 1535 1399 dimersis
1550 1341 1732 1428 quatuor
1748 1315 1930 1406 versibus
1954 1318 2079 1407 absol·

689 1453 841 1525 vantur
863 1489 886 1518 .‹
908 1436 1111 1552 Praeterea
1142 1429 1315 1518 formam
1343 1430 1488 1545 hymni
1521 1435 1571 1519 de
1596 1435 1636 1518 S.
1650 1428 1879 1523 Elisabeth:
1906 1438 2078 1525 Domare

686 1554 808 1666 cordis
821 1553 984 1669 impetus
998 1551 1205 1640 Elium·
1219 1551 1375 1653 Fortis,
1407 1550 1588 1669 inopsque
1608 1555 1723 1653 Deo,
1752 1578 1962 1667 tamquam
1976 1584 2080 1643 can·

685 1672 746 1759 tui
775 1672 954 1790 ineptam
990 1668 1198 1773 traducit,
1220 1669 1389 1788 ejusque
1414 1671 1560 1787 hymni
1588 1698 1796 1760 auctorem
1825 1699 1866 1760 se
1891 1671 2077 1788 ignorata

691 1788 859 1878 innuis.

700 1963 702 1968 .
747 1937 845 2023 219.
881 1909 940 1997 At
953 1939 1051 1999 vero
1069 1935 1157 1997 tum
1173 1909 1281 1995 hanc
1299 1907 1472 2023 speciem
1488 1910 1631 2023 hymni
1649 1972 1664 2012 ,
1679 1936 1767 1997 tum
1785 1910 1904 1996 aliam
1922 1942 2077 2027 ,quam

682 2027 831 2115 emittit
868 2026 1086 2143 Guyctus,
1125 2026 1299 2114 infesto
1330 2029 1693 2146 S.llermenegildi
1732 2028 1900 2117 induxit
1938 2032 2076 2119 Urba-

681 2161 762 2234 nus
779 2146 885 2231 Vnt.
909 2207 920 2232 .
946 2151 1055 2235 Nam
1073 2149 1253 2262 hymnus
1277 2148 1317 2232 S.
1341 2145 1639 2284 Hermenegildi
1660 2148 1843 2240 continet
1866 2146 1974 2233 duos
1990 2150 2077 2266 pri-

679 2284 769 2353 mos
798 2263 1102 2380 asclepiadeos,
1136 2263 1300 2352 tertium
1340 2267 1635 2381 pherecranum
1668 2319 1684 2368 ,-
1713 2293 1907 2380 quartum
1947 2266 2079 2383 glyco-

680 2385 827 2472 nium:
847 2385 985 2503 Regali
1014 2386 1107 2472 solio
1127 2380 1244 2495 fitrtit
1269 2382 1412 2471 iberiae
1426 2431 1452 2450 ·
1477 2383 1750 2503 Hennengilde
1768 2383 1923 2498 judae,
1947 2383 2075 2504 gloria

677 2505 930 2624 Martyrum,
945 2552 968 2570 -
984 2504 1124 2593 Christi
1140 2528 1236 2622 quot
1263 2532 1374 2589 arnor
1401 2502 1497 2589 almi
1524 2551 1548 2569 -
1581 2504 1687 2591 Caeli
1712 2503 1879 2591 rutubus
1911 2504 2072 2591 interit.

679 2622 823 2709 Alium
838 2623 1042 2735 hymnum
1062 2620 1248 2707 condidit
1260 2625 1458 2711 Urbanus
1473 2621 1584 2707 Vlll.
1605 2623 1768 2711 alterius
1784 2620 1969 2740 generis,
1999 2622 2079 2709 sci-

679 2739 770 2827 licet
805 2738 1001 2829 alcaicum
1034 2739 1077 2824 in
1094 2741 1200 2827 diem
1230 2738 1379 2828 fetrum
1407 2741 1659 2830 &Biblines
1677 2743 1795 2827 :Flos
1828 2739 2074 2853 oQuititum

676 2859 836 2945 candide
861 2855 1055 2979 virginum
1070 2859 1218 2947 -Caeli
1244 2864 1364 2948 decus
1391 2858 1463 2947 luce
1485 2855 1639 2979 fulgida
1663 2866 1912 2977 Martyrum,
1928 2910 1950 2926 -
1967 2859 2078 2970 Quat

675 2996 790 3065 erant
805 2978 924 3097 effusi
937 2977 1360 3094 cruoris-Purpureum
1394 2978 1753 3187 ΒίῠὶαἪιηιη.
1788 2971 1967 3067 lnscrtus
1987 3007 2073 3064 non

677 3115 735 3184 cst
751 3098 817 3184 hic
834 3099 1015 3211 hymnus
1034 3104 1078 3183 in
1096 3099 1296 3190 breviario
1311 3100 1531 3203 Rornano;
1645 3098 1690 3183 in
1709 3096 1900 3184 Basilicas
1926 3098 1969 3185 S.
1981 3099 2076 3186 Ma·

675 3210 759 3301 tiae
777 3215 948 3331 Maioris
964 3215 1099 3302 officio
1115 3218 1307 3306 recitatur
1325 3280 1336 3300 .
1374 3220 1487 3321 Has,
1513 3215 1691 3332 aliasque
1708 3217 1965 3332 hymnorum
1982 3241 2074 3334 spe-

532 3362 536 3367 ·
676 3330 756 3422 diet
772 3333 815 3419 in
832 3334 1032 3426 breviario
1049 3334 1319 3422 Cluuiacensi
1334 3338 1413 3423 sub
1429 3336 1598 3424 Santolii
1618 3328 1850 3438 Victorini,
1873 3360 1916 3421 et
1930 3361 2075 3451 poeta·

674 3469 769 3541 mm
802 3452 1073 3542 recentiorum
1105 3453 1270 3539 nomine
1300 3479 1464 3541 cernere
1486 3455 1607 3557 licet,
1638 3478 1688 3544 ut
1703 3448 1886 3571 Hymnus
1907 3452 2079 3539 Santolt‘i

678 3571 867 3663 Victorini
892 3572 954 3658 die
989 3599 1029 3659 2.
1058 3573 1288 3675 Februarii,
1318 3575 1475 3690 Stupete
1500 3594 1673 3696 genten
1695 3570 1752 3691 fit
1775 3574 1887 3658 Deus
1916 3571 2076 3661 latria.

518 3705 522 3714 '
671 3688 859 3807 Ejusdem
876 3692 938 3780 die
959 3720 977 3777 t
986 3721 1025 3807 5.
1044 3691 1249 3814 Augusti,
1278 3694 1396 3781 Otos
1408 3693 1573 3781 aethnei
1582 3693 1759 3812 plaudite
1776 3691 1905 3780 muer.
1943 3688 2075 3777 idem·

676 3835 760 3922 que
776 3810 1113 3904 animadvertitur
1143 3811 1403 3904 inbreviatio
1436 3811 1678 3915 parisiensi,
1703 3808 1872 3926 aliisque
1899 3807 2074 3897 Gsllica·

674 3926 740 4017 nit
758 3990 770 4015 .
786 3930 875 4045 Qui
891 3960 991 4021 vero
1007 3932 1061 4018 ad
1090 3961 1278 4018 normam
1295 3931 1487 4022 breviarii
1505 3932 1682 4020 Romani
1701 3931 1883 4045 hymnos
1897 3927 2075 4016 confice·

675 4074 717 4134 re
734 4048 869 4149 volet,
900 4077 1028 4167 genus
1061 4052 1165 4137 odae
1191 4049 1403 4166 quodlibet
1418 4078 1468 4136 ex
1483 4050 1640 4137 usitatis
1680 4050 1725 4133 in
1743 4045 1886 4135 eodem
1910 4048 2077 4137 breviu-

672 4163 736 4253 rio
754 4165 935 4285 amplecti
950 4169 1122 4283 poterim
1151 4200 1247 4255 nam
1260 4167 1343 4286 jam
1360 4167 1591 4287 intelligitur
1604 4168 1716 4257 facta
1754 4165 1903 4255 idonea
1924 4169 2076 4257 modu·

671 4281 771 4374 latio
804 4310 953 4374 cantus
986 4286 1128 4374 musici
1161 4288 1204 4372 in
1237 4290 1428 4403 hymno,
1457 4286 1531 4404 qui
1557 4284 1845 4407 praecesserim
1875 4284 2076 4380 tedcttrrt

670 4404 748 4493 hot
760 4405 981 4510 terminos,
1011 4405 1298 4525 praelixa-sque
1317 4407 1569 4522 hymnorum
1584 4405 1733 4527 species
1750 4434 1838 4495 non
1856 4432 2075 4496 estexcut·

672 4524 879 4613 rendum.
1178 4557 1183 4565 ·
2056 4547 2064 4562 ‘

733 4663 830 4732 eno.
863 4646 1009 4764 Neque
1029 4650 1161 4737 abere
1178 4644 1447 4734 eritbreviter
1475 4643 1726 4764 explanare,
1754 4667 1886 4763 quot,
1902 4636 2070 4768 quibus·
2169 4738 2171 4742 ,

663 4778 750 4880 'qtae
784 4762 956 4879 pedibus
980 4764 1160 4886 singulae
1185 4764 1334 4884 species
1352 4794 1547 4866 versuum
1570 4761 1757 4868 breviarii
1776 4755 2071 4866 Romaniconf

666 4905 812 4985 «ent,
843 4908 1050 4997 quantum
1065 4884 1474 4974 scilice'tharmonica
1505 4881 1731 4973 modulatio
1746 4876 1932 4996 patitur.
1965 4878 2072 4964 larn-

623 5116 626 5123 ,
667 4999 785 5092 bitus
814 4998 981 5093 dimeter
994 5025 1177 5121 quatuor
1205 5004 1469 5128 hubetspedet
1483 5053 1513 5114 -,·
1533 4996 2073 5130 secundum·,‚ttquarntn
