5084 6234
952 798 1607 893 eccrrstnsrrcrs
1862 901 1864 904 ψ
1920 839 1975 926 73

580 976 696 1034 mnos
717 945 992 1060 ‚Diligenter,
1018 971 1059 1031 et
1088 945 1291 1031 enucleate
1308 943 1405 1030 haee
1424 946 1586 1032 historia
1615 942 1852 1061 explicanda
1870 973 1954 1048 est3
1994 1052 1997 1059 Ι

575 1066 696 1154 video
712 1067 820 1150 enim
836 1068 968 1179 plures
987 1065 1029 1146 in
1048 1092 1094 1146 ea
1112 1060 1350 1147 hallucinari
1371 1123 1383 1146 .
1414 1062 1624 1150 Correctio
1656 1063 1847 1151 Breviatii
1868 1067 1954 1158 Βο-ί

574 1185 686 1269 mani
706 1188 852 1299 passim
868 1180 1073 1297 Haymoni
1090 1180 1311 1277 tribuitur,
1326 1179 1439 1293 jussu
1458 1245 1472 1281 ,
1493 1208 1542 1267 ut
1569 1184 1634 1266 alii
1653 1181 1822 1284 dicunt,
1853 1182 1954 1269 Ale·

575 1302 723 1388 xandri
740 1304 816 1385 tv.
833 1364 845 1401 ‚
862 1297 979 1406 cujus
999 1328 1171 1416 tempore
1189 1298 1269 1414 jam
1285 1295 1439 1383 obierat
1450 1302 1626 1411 Haym03
1637 1328 1683 1386 ut
1700 1300 1764 1384 alii
1782 1302 1954 1405 malunt,

572 1423 622 1507 eir
640 1420 880 1536 praescripto
896 1417 1123 1503 lnnocentii
1143 1419 1214 1501 IV.
1228 1477 1238 1498 .
1252 1414 1490 1532 Wadingus
1504 1417 1578 1534 (1)
1591 1444 1723 1504 censet
1740 1417 1783 1502 id
1798 1417 1973 1509 lactum

569 1540 652 1626 stib
671 1537 864 1654 Gregorio
881 1538 949 1619 tx.
964 1599 977 1635 ‚
993 1535 1159 1650 ejusque
1186 1534 1420 1620 auctoritate
1440 1597 1450 1619 .
1466 1538 1545 1620 Sed
1572 1539 1676 1647 quid
1693 1537 1735 1621 id
1752 1565 1824 1636 est,
1838 1544 1959 1654 quod·

572 1654 810 1742 auctoritate
841 1655 1024 1771 Gregorii
1052 1658 1120 1738 tx.
1148 1654 1226 1738 tuit
1250 1678 1460 1768 peractum
1487 1654 1509 1738 ‘l
1543 1660 1665 1742 Extat
1694 1655 1780 1770 ejus
1808 1658 1976 1745 Indul-'

571 1797 660 1858 tum
677 1804 789 1859 anno
806 1775 1070 1860 Pontificatus
1093 1800 1184 1883 15.,
1202 1798 1241 1857 et
1257 1770 1413 1871 ultimo,
1430 1774 1545 1881 quod
1561 1775 1701 1891 incipit
1719 1805 1730 1858 :
1749 1775 1817 1860 Pio
1832 1798 1954 1867 vestro

575 1890 769 2009 collegio:
803 1897 1013 1994 „Vestrae
1046 1891 1180 2003 itaque
1205 1887 1404 2005 precibus.
1423 1892 1649 1978 devotionis
1680 1894 1870 1995 inducti,
1907 1921 1955 1986 ut
1981 1893 1986 1899 ’

577 2070 605 2115 „
637 2010 893 2100 observantia
910 2008 1092 2096 moderni
1113 2007 1234 2092 officii
1245 2008 1370 2121 ‚quod
1386 2007 1427 2090 in
1443 2011 1646 2096 Brevioriir
1664 2012 1793 2097 vestris
1816 2042 1952 2102 exacta

480 2153 493 2174 ·‘
578 2188 606 2229 „
633 2128 830 2245 diligentia
848 2154 1051 2219 correctum
1071 2158 1094 2210 α
1112 2126 1260 2224 Nobis,
1284 2150 1490 2209 exstnruto
1510 2132 1680 2245 Reguloe
1693 2158 1835 2216 vertrae
1853 2132 1958 2245 jutt-
1989 2128 1992 2134 ’

502 2303 507 2308 -
576 2308 604 2349 ,,
635 2268 675 2332 tn
693 2249 878 2342 Ecclesiae
908 2248 1102 2332 Romanae
1128 2272 1298 2342 morem,
1329 2269 1496 2358 excepto
1538 2247 1719 2359 psalterio
1758 2250 1954 2335 celebrare

574 2426 606 2466 „
640 2360 822 2465 debetisi
856 2364 937 2451 sitis
953 2362 1133 2448 contenti
1149 2388 1342 2476 perpetuo
1361 2423 1390 2460 „
1411 2422 1422 2444 .
1444 2362 1559 2445 Nihil
1588 2364 1708 2478 igitur
1732 2393 1957 2451 correctum

576 2482 659 2579 luit
674 2482 716 2565 in
734 2483 936 2570 Breviario
955 2486 1170 2579 Romano,
1185 2476 1321 2564 sedin
1338 2478 1552 2566 Breviariis
1574 2481 1959 2597 franciscanisjux*

575 2621 617 2688 ta
631 2602 822 2690 Ecclesiae
848 2606 1042 2686 Romanae
1067 2627 1207 2684 morem
1224 2659 1239 2697 ,
1259 2594 1381 2709 idque
1410 2627 1462 2682 ex
1485 2624 1627 2683 statuto
1640 2602 1809 2716 Regulne
1830 2603 1960 2687 Fran-

570 2720 767 2811 oisrnnoe.
789 2724 942 2833 Nempe
968 2714 1119 2831 legibus
1135 2715 1217 2805 suis
1235 2722 1477 2803 tenebantur
1494 2714 1750 2801 Franciscani
1777 2719 1960 2808 officium

576 2836 763 2923 divinum
783 2836 978 2938 Ecclesiae
997 2840 1202 2922 Romanae
1219 2833 1437 2947 persolvere
1454 2864 1467 2933 3
1482 2835 1554 2919 sed
1572 2837 1807 2951 cum'aliqui
1830 2833 1970 2956 Regu0'

577 2952 656 3038 lam
673 2956 914 3073 negligentes
931 2959 982 3042 ab
999 2984 1047 3038 eo
1065 2951 1345 3050 discederent,
1376 2952 1596 3067 Gregorius
1615 2955 1682 3037 lX.
1699 3016 1713 3055 ,
1731 2981 1770 3040 et
1796 2959 1959 3067 Haymo
1998 3022 2001 3028 -

578 3071 935 3167 Generaliseosad
952 3073 1242 3189 praescriptum
1255 3068 1431 3182 Regulae
1446 3072 1709 3187 redegerunt.
1737 3074 1958 3186 Quaenam

579 3191 796 3291 autem‘hie
814 3216 979 3308 apparet
995 3188 1187 3282 correctio
1205 3185 1378 3274 Romani
1404 3186 1632 3276 Breviarii‘l
1658 3197 1863 3312 quaenam
1878 3193 1959 3308 hy·
2015 3195 2019 3200 ’

583 3334 773 3405 mnorum
793 3340 897 3398 nova
918 3303 1205 3399 introductio‘l

638 3455 709 3539 91,·
745 3432 836 3520 Post
854 3456 984 3540 neque
1013 3424 1209 3518 itamulto
1226 3427 1403 3521 loannes
1423 3426 1646 3511 Parmensis
1663 3427 1870 3511 Generalis
1902 3429 1960 3519 lit·

577 3563 686 3641 teras
704 3545 758 3632 ad
771 3544 1004 3662 Superiores
1022 3541 1190 3629 Ordinis
1206 3542 1316 3627 dedit
1330 3542 1431 3659 (2),
1463 3543 1614 3656 quibus
1632 3545 1776 3630 iterum
1805 3547 1958 3635 Fratres
2014 3547 2018 3551 ’

575 3662 634 3758 ad
647 3662 829 3762 officium
853 3667 1085 3760 Romanum
1102 3659 1380 3774 revocanda)
1397 3721 1407 3743 .
1426 3661 1657 3747 Bernardus
1673 3661 1722 3745 de
1738 3666 1868 3765 Bessa,
1886 3666 1959 3782 qui

629 4005 683 4090 (r)
711 4003 767 4076 nd
796 4026 919 4077 annum
941 4024 1073 4096 1244„
1097 4018 1130 4074 et
1145 3998 1240 4073 Reli·
1302 4050 1327 4083 „
1342 3998 1425 4073 duxi
1439 3998 1670 4093 praesentibus
1688 3997 1958 4095 injungendum,

587 4092 694 4188 gionir
711 4121 793 4190 37.,
822 4127 891 4197 quo
910 4099 1053 4172 decessit
1076 4101 1239 4194 Haynto·
1300 4149 1327 4185 n
1344 4101 1437 4193 quod
1469 4116 1602 4187 praeter
1636 4096 1669 4191 id
1699 4100 1837 4180 solunt,
1865 4101 1958 4191 quod

638 4200 692 4282 (ι)
716 4196 953 4294 Wadingusad
969 4190 1090 4270 annum
1113 4221 1240 4293 ¹²49·2
1300 4245 1325 4280 ‚,
1341 4194 1563 4267 Ordinarium
1595 4195 1739 4268 Missilis
1768 4245 1779 4277 ,
1812 4216 1846 4270 et
1872 4198 1960 4268 Bre-

580 4287 776 4379 Religionis
792 4321 849 4391 42.
1300 4339 1325 4376 ,‚
1341 4293 1482 4365 viariurn
1500 4317 1517 4363 a
1540 4292 1659 4364 Fratre
1689 4295 1871 4389 Haymone
1888 4318 1964 4365 san·

580 4435 587 4448 ·
634 4397 687 4478 (a)
711 4437 735 4470 tt
748 4391 934 4485 Quiasieut
949 4394 1176 4466 indubitanter
1190 4414 1242 4462 co
1301 4440 1327 4476 „
1344 4411 1419 4465 ctae
1437 4392 1679 4463 recordationis
1696 4394 1963 4464 Praedecessore

581 4532 608 4570 ,‚
621 4487 727 4580 gnovi
737 4492 858 4561 nonnul
875 4493 884 4563 i
899 4497 1017 4564 fratres
1031 4492 1177 4562 officium
1195 4488 1259 4560 di?
1301 4541 1326 4577 „
1341 4511 1456 4562 nostro
1471 4490 1528 4581 pio
1555 4509 1749 4560 correctum
1767 4491 1882 4560 studio
1899 4509 1962 4581 pet·
2009 4515 2012 4521 ·

583 4630 611 4669 „
630 4588 747 4657 vinum
764 4636 776 4670 ,
804 4588 861 4679 qui
877 4592 951 4676 tric)
967 4593 1009 4661 de
1025 4588 1156 4680 Regula
1178 4610 1240 4658 oo·
1300 4638 1325 4673 „
1340 4593 1452 4660 sedem
1470 4587 1689 4675 apostolicam
1706 4586 1957 4671 confirmatum,

587 4729 613 4764 ,‚
628 4699 695 4753 stra
703 4688 882 4757 secundum
897 4690 1040 4757 ordinem
1057 4695 1170 4773 utet.
1182 4708 1240 4776 lce·
1298 4737 1325 4771 ‚,
1342 4705 1376 4757 et
1391 4685 1613 4776 approbatum
1646 4703 1761 4775 postea
1789 4682 1963 4757 nihilomi-

583 4825 609 4863 ,.
626 4779 955 4866 lebraredebrmur,
983 4787 1014 4855 in
1034 4784 1146 4854 littera
1163 4808 1240 4857 mu·
1301 4833 1325 4867 ,‚
1342 4808 1401 4855 nur
1419 4804 1480 4873 per
1496 4782 1663 4858 Generale
1680 4781 1882 4872 Capitulum
1901 4807 1963 4854 no·

584 4920 610 4955 „
625 4893 694 4948 tare
709 4879 876 4961 interdurn
896 4934 907 4965 ,
933 4886 991 4954 sed
1008 4882 1039 4952 in
1056 4900 1154 4954 cantu
1172 4904 1238 4952 ma·
1299 4929 1324 4963 „
1342 4882 1448 4951 scitur
1460 4878 1660 4962 continere,
1689 4897 1725 4949 ut
1740 4880 1822 4950 nihil
1848 4878 1962 4951 omni·

584 4973 711 5062 „xime
739 4980 870 5062 variare
894 4995 1235 5077 praesumentem„
1295 5027 1323 5067 „
1336 5003 1381 5052 no
1395 4977 1430 5050 in
1442 4977 1635 5060 .cttttu,vel
1649 4977 1762 5053 littera
1774 4980 1836 5050 sub
1850 4976 1956 5049 alieu-
