5084 6234
855 778 1504 876 ECCLESlASTiC‘IS

1785 817 1868 907 rap

476 926 640 1043 eiiutis
657 920 923 1011 fecit'Parisiis
944 950 1065 1040 1514.
1101 927 1403 1015 Eletcidnroriutn
1424 926 1712 1015 ecclesiasticum
1737 925 1777 1011 in
1794 932 1866 1041 ltp-
1918 948 1920 955 '

474 1077 587 1140 maus
601 1110 616 1148 ,
632 1071 670 1131 et
693 1045 1136 1151 canticueccletiosricu,
1165 1044 1331 1157 officium
1348 1080 1414 1153 ,aa
1422 1077 1582 1166 prosas:
1602 1047 1644 1131 in
1670 1044 1802 1164 primo
1816 1042 1871 1144 liv,

477 1255 538 1352 qui
563 1270 596 1325 ce
623 1265 770 1347 Hymnus
795 1251 863 1348 ipse
890 1251 1142 1348 diligentissime

477 1354 622 1448 correxit
640 1402 649 1422 .
674 1357 772 1422 Plura
787 1355 852 1421 buc
867 1350 1069 1441 pertinentia
1085 1375 1143 1443 pe.

476 1449 507 1524 ‘ti
531 1469 671 1542 possunt
702 1474 745 1520 ex
776 1448 892 1519 Indice
920 1448 1140 1523 materiarum

477 1548 570 1622 uuit.
588 1573 665 1620 nou.
698 1548 795 1640 Hisp.
815 1545 917 1617 classe
932 1549 967 1618 8.
991 1549 1140 1618 Sectione

475 1650 519 1720 de
550 1659 760 1719 sacrosancto
794 1646 921 1716 Missae
951 1643 1138 1728 sacrificiu,

476 1746 696 1816 caerimoniis
711 1742 952 1815 Ecclesiasticis
964 1794 975 1827 ,
989 1760 1021 1814 ci
1036 1745 1138 1813 Haris

476 1843 675 1916 canonicis.
708 1843 771 1913 Sed
791 1844 1040 1931 observandum
1057 1858 1107 1912 est
1123 1888 1135 1923 ,

477 1940 693 2043 §teutiscam
713 1941 921 2023 Rotarium,
946 1939 1005 2033 qui
1021 1940 1139 2036 Hym-

478 2047 537 2111 bos
552 2038 715 2132 exposuit
727 2087 737 2115 2
750 2038 752 2042 ’
764 2062 830 2109 nou
851 2061 923 2110 esse
937 2037 1137 2109 distinctum

478 2153 498 2210 t
513 2137 616 2208 Petro
635 2136 806 2217 Rotaria,
822 2139 892 2208 sive
908 2135 1047 2209 Rosales
1059 2137 1139 2207 Hu-

476 2236 665 2308 maniorum
714 2235 917 2308 Litterarum
964 2235 1133 2329 Burgensi

475 2332 702 2415 Professore,
731 2335 885 2427 quamvis
899 2335 1037 2407 diverso
1055 2334 1133 2405 loco

476 2430 707 2521 recensitum,
735 2435 794 2503 sed
812 2457 939 2515 unum,
956 2436 1131 2505 eumdem·

474 2552 543 2698 qpe
556 2529 777 2623 Hymnorum
792 2549 1047 2614 enarratorem,
1071 2530 1132 2624 qui

474 2643 640 2699 aterutto
658 2627 795 2700 nomine
812 2630 915 2703 luerit
931 2631 1132 2725 insignitus,

473 2724 528 2798 uti
542 2729 676 2797 monuit
689 2729 723 2798 in
735 2731 908 2824 appendic.
922 2746 1039 2799 tuma.
1048 2745 1131 2824 pag.

348 2907 354 2913 ¹
474 2847 558 2913 ²93⁸
576 2825 739 2897 idemmet
753 2827 920 2903 Nicolans
937 2828 1131 2899 Antonius:

471 2947 573 3016 quam
601 2925 852 2997 correctionem
887 2950 952 2996 non
984 2926 1133 2997 advertit

474 3019 535 3092 ci.
550 3022 724 3094 Zacharias
749 3022 965 3096 Franciscum
980 3071 991 3105 ,
1019 3042 1052 3095 ct
1066 3025 1134 3093 Pe·

473 3135 565 3191 trum
582 3119 758 3193 Rostriutn
777 3148 819 3194 ex
833 3122 1071 3197 Nic.llntonio
1087 3121 1132 3191 di·

471 3211 643 3312 stin'guens
663 3225 793 3312 Tum.3.
809 3221 884 3292 ain.
903 3223 969 3308 iiis.
987 3222 1021 3290 in
1050 3229 1132 3316 Sup-

466 3314 569 3413 plem.
585 3318 629 3387 ad
641 3316 750 3390 aina.
765 3318 869 3391 verbo
885 3322 1040 3405 iiosarius
1057 3319 1131 3389 Ve-

470 3436 546 3487 rum
560 3418 707 3488 auctoris
721 3440 843 3489 nomen
859 3437 908 3489 est
921 3418 1063 3499 Petrus,
1076 3440 1131 3488 co·

470 3537 614 3614 gnomen
630 3514 819 3608 Hispanum
836 3516 980 3602 insulas,
997 3535 1033 3586 ut
1047 3538 1128 3585 con·

469 3611 615 3704 spicitur
646 3612 679 3683 in
709 3618 944 3707 opere‚quod
972 3632 1063 3686 extat
1092 3614 1126 3684 in

469 3709 685 3783 Bibliotecba
701 3710 851 3804 Hospitii
868 3714 901 3783 S.
919 3714 1034 3783 Annae
1049 3710 1132 3781 Car·

472 3810 664 3881 melitarum
684 3812 961 3883 Excalceatorum
979 3810 1132 3902 Congre-

471 3907 618 4001 gationit
631 3909 818 4003 Hispaniae
839 3911 969 3981 Rornae
988 3907 1129 3981 existen«

426 4004 428 4009 ’
470 4006 516 4073 tis
535 4052 545 4075 .
577 4005 832 4081 obseruationes
847 4010 1008 4104 quaedam
1024 4009 1057 4078 in
1069 4025 1131 4095 95.

475 4110 645 4194 Hymnus,
670 4110 777 4203 quiin
793 4107 966 4180 breviario
984 4115 1130 4192 Romano

473 4200 708 4292 continentur,
736 4228 840 4304 eoque
873 4208 986 4277 ordine
1014 4227 1079 4303 quo
1098 4203 1131 4272 in

467 4299 482 4369 i
487 4298 532 4369 llo
551 4300 670 4392 digesti
682 4322 781 4375 sunt.
814 4305 936 4398 [surgis
951 4305 1039 4400 apud
1051 4301 1130 4369 Phi·

473 4396 603 4494 lippum
620 4404 911 4493 Jnntamm578dn
929 4430 981 4497 4..
1000 4403 1133 4471 Auctor

462 4495 504 4567 in
518 4496 673 4589 Epistola
689 4503 934 4594 nuncupatoria
947 4506 985 4571 ad
1002 4497 1131 4569 Franci·

470 4617 566 4665 scum
582 4595 739 4668 Pacheco
753 4599 945 4671 de'Toledo
967 4596 1132 4668 Cardina·

471 4689 539 4763 lem
570 4741 583 4774 ,
621 4696 771 4786 primum
820 4697 1130 4788 Archiepiscopum

470 4789 683 4884 Burgensem
699 4842 711 4877 ,
725 4798 808 4868 baec
822 4800 947 4868 habes.
972 4841 996 4876 „
1012 4793 1131 4865 Omit-

469 4933 496 4970 ‚‚
514 4905 551 4958 to
565 4913 628 4961 uon
658 4916 765 4985 pauca
779 4917 850 4965 esse
870 4893 987 4965 lucain
1016 4893 1080 4961 hoc
1097 4906 1132 4964 et

469 5032 496 5071 „
514 4984 1132 5089 illoeauticoucltemporuminiuria,

1203 1256 1296 1335 „vel
1319 1256 1629 1351 Typogtaphorum
1658 1248 1867 1348 negligentia

1202 1356 1396 1435 „censoria
1414 1354 1552 1447 quidem
1568 1354 1666 1448 virga
1691 1350 1864 1430 notanda,

1201 1474 1299 1535 „aut
1319 1453 1376 1524 ubi
1408 1453 1495 1523 ratio
1509 1451 1630 1523 latinae
1654 1446 1864 1528 locutionis,

1199 1596 1224 1631 „
1239 1572 1297 1623 aut
1315 1550 1473 1624 carminis
1488 1599 1498 1632 ‚
1513 1552 1570 1622 sed
1588 1549 1770 1643 praecipue
1785 1563 1866 1616 sena.

1199 1650 1368 1729 „tentiae
1399 1649 1587 1743 efflagitat.
1618 1651 1702 1719 Sunt
1730 1661 1865 1738 praete-

1199 1770 1295 1825 „rea
1326 1748 1474 1819 carmina
1502 1747 1614 1838 aliqua
1641 1762 1872 1839 praepostere·

1198 1890 1223 1926 ,‚
1237 1844 1389 1937 scripta,
1419 1868 1523 1935 praue
1540 1846 1777 1936 interpuncta,
1796 1839 1864 1912 dis·

1196 1945 1351 2025 „iuncta
1378 1941 1470 2013 alia.
1506 1942 1728 2015 Clauduntut
1755 1938 1862 2012 etiam

1198 2041 1372 2133 „aliquot
1400 2041 1531 2139 Hymni
1577 2041 1686 2113 multo
1723 2038 1862 2121 aliter,

1196 2186 1221 2221 ,‚
1238 2164 1339 2231 quam
1360 2138 1500 2212 illorum
1528 2142 1697 2211 ductores
1716 2137 1864 2230 scriptos
1927 2224 1931 2233 Ι

1195 2286 1219 2321 „
1239 2236 1496 2331 reliquerunt,
1535 2262 1621 2330 quae
1661 2237 1775 2308 omnia
1814 2238 1872 2312 ita·

1194 2358 1307 2418 „esse
1332 2334 1402 2407 suis
1416 2334 1526 2415 locis,
1550 2356 1679 2428 suoque
1703 2353 1862 2426 tempore

1196 2482 1220 2518 „
1239 2458 1271 2504 tn
1289 2435 1541 2506 commentariis
1566 2431 1778 2526 apertissime
1807 2455 1863 2504 os·

1194 2533 1370 2614 „tendam
1396 2583 1406 2603 .
1434 2582 1458 2614 ‚‚
1489 2530 1655 2603 Nicolaus
1684 2530 1863 2602 Antonini

1193 2632 1351 2715 Jacoboa
1367 2632 1454 2703 Lora
1468 2629 1500 2701 in
1511 2629 1727 2702 Bibliotheca
1744 2627 1861 2701 locum

1196 2748 1386 2820 separatum
1414 2753 1479 2800 non
1495 2729 1591 2800 dedit
1611 2777 1622 2811 ,
1648 2746 1681 2797 et
1696 2729 1728 2797 in
1742 2728 1862 2800 Indice

1195 2826 1415 2901 materiarum
1431 2827 1689 2918 Expositionem
1707 2827 1865 2919 Hymnu-

1196 2951 1271 2998 rum
1288 2925 1444 2998 attribuit
1474 2928 1636 2996 Andreas
1655 2925 1863 3008 Gutt'enrsza

1195 3029 1267 3096 siue
1281 3023 1399 3096 Iacobo
1420 3034 1542 3096 alona
1556 3023 1649 3094 ,Vidi
1668 3022 1771 3114 ipsam
1792 3021 1862 3095 Ex·

1195 3122 1399 3214 positionem
1416 3146 1569 3195 seorsum
1583 3122 1708 3192 editam
1726 3121 1864 3212 Neapo-

1193 3222 1215 3292 li
1239 3238 1342 3313 1504.
1363 3222 1396 3293 in
1411 3248 1446 3318 4.
1461 3220 1714 3295 characteribus
1730 3219 1860 3302 Gothi·-v

1190 3322 1238 3392 cis
1268 3320 1464 3412 inscriptam
1491 3348 1501 3389 a
1528 3332 1650 3390 Aurea
1680 3317 1855 3410 Expositi·

1189 3428 1398 3513 Hymnorum
1414 3443 1480 3492 una
1504 3442 1578 3489 cnm
1593 3432 1687 3488 textu
1714 3414 1856 3485 noviter

1187 3519 1430 3613 emendato-per
1445 3515 1601 3589 iacobum
1616 3540 1635 3585 a
1651 3522 1752 3583 Lora.
1767 3512 1856 3596 Pro·¹

1192 3640 1233 3707 pe
1253 3618 1352 3686 finem
1368 3646 1378 3685 s
1392 3614 1505 3687 iacobi
1519 3639 1539 3684 a
1559 3622 1644 3682 Lora
1660 3615 1702 3681 ad
1720 3610 1852 3682 Divum

1193 3715 1395 3784 Genirrieem
1427 3715 1492 3781 Dei
1523 3713 1670 3781 Mariam
1700 3718 1857 3802 Hymnus

1192 3812 1338 3882 carmine
1369 3810 1607 3906 Sapphicoctc.
1635 3818 1751 3888 item,
1784 3813 1857 3898 qu

1191 3932 1286 3981 maus
1314 3909 1403 3980 Dino
1419 3909 1566 4002 Martyri
1581 3904 1770 3978 Sebastiano
1793 3904 1854 4000 pie

1191 4006 1497 4101 dicatus.Sequitur
1511 4012 1592 4078 haec
1610 4005 1739 4078 notatio
1755 4032 1764 4071 a
1778 4014 1857 4073 Au·

1193 4129 1250 4176 nea
1263 4117 1471 4201 Hymnorum
1486 4105 1657 4200 Expositis
1672 4132 1681 4175 s
1697 4124 1762 4173 unu
1777 4118 1851 4178 eum

1193 4219 1287 4276 reatu
1312 4204 1619 4300 nouiteruigilanti
1635 4204 1743 4273 studio
1763 4206 1857 4271 Iaca·

1193 4302 1228 4372 bi
1243 4326 1263 4372 a
1280 4310 1366 4376 Lora
1383 4333 1392 4375 a
1411 4305 1648 4384 Grammatire,
1663 4313 1854 4394 atquepat-

1193 4404 1257 4471 tice
1275 4405 1398 4473 artium
1426 4395 1856 4490 Professorisdiligentissi·

1192 4522 1243 4569 me
1257 4517 1404 4571 carrecto
1421 4547 1430 4568 .
1458 4510 1577 4571 Fausto
1591 4505 1706 4591 sydera
1722 4509 1769 4564 est
1794 4516 1854 4566 ex·

1189 4597 1310 4691 plicita
1337 4647 1348 4667 .
1392 4608 1485 4665 Arte
1525 4599 1635 4667 mira.
1666 4593 1854 4689 impressa.

1192 4696 1373 4791 Neapoli.
1395 4710 1458 4790 pes
1480 4692 1724 4785 sigismundum
1750 4699 1855 4781 Mayr

1193 4792 1401 4865 Alemanum
1415 4839 1426 4861 .
1440 4838 1450 4860 .
1465 4843 1475 4863 .
1488 4792 1601 4860 Visum
1630 4804 1710 4884 opus
1725 4804 1758 4858 et
1771 4809 1852 4859 exa·

1193 4890 1355 4962 minatum
1367 4904 1429 4985 per
1443 4891 1650 4973 Reuerendos
1679 4896 1722 4956 D.
1737 4884 1852 4954 Dami-

1190 5010 1269 5067 num
1296 4990 1536 5063 ferdinandum
1554 4989 1593 5061 de
1613 4985 1648 5059 la
1668 4992 1794 5064 Turre,
1819 4995 1852 5052 et
