5084 6234
942 806 1584 901 rccnssrnsrtcrs
1887 843 1945 934 43

575 1017 609 1058 „
633 978 796 1053 suerat,
827 981 866 1043 et
896 955 1112 1040 modorum
1142 949 1330 1041 suavitati
1363 951 1601 1065 impietatem
1632 950 1855 1037 admiscens
1873 981 1950 1037 au·

576 1135 604 1176 „
635 1074 832 1161 clientium
859 1071 1017 1158 animos
1031 1070 1309 1169 demulcebat,
1335 1094 1373 1155 et
1391 1068 1446 1154 ad
1468 1067 1636 1156 exitium
1669 1072 1951 1186 pertrahebat3

574 1251 604 1293 ‚,
635 1194 716 1311 ipse
734 1192 928 1311 Ephraim
956 1190 1168 1273 modorum
1199 1187 1531 1305 compositionem
1562 1192 1614 1279 ab
1646 1189 1710 1273 illo
1737 1214 1950 1275 mutuatus

575 1370 605 1411 „
663 1312 823 1396 ietatem
839 1306 1003 1394 canticis
1019 1305 1249 1421 permiscuit
1266 1362 1279 1401 ‚
1295 1330 1334 1390 et
1344 1305 1628 1395 suavissimum
1642 1305 1759 1394 simul
1776 1367 1791 1408 ,
1809 1334 1855 1392 ac
1874 1306 1952 1394 uti·

575 1487 604 1529 „
634 1341 826 1514 lissimum
842 1423 1176 1509 medicamentum
1197 1422 1459 1514 audientibus
1476 1424 1685 1512 exhibuit.
1699 1423 1832 1541 Atque
1851 1424 1951 1509 haec

573 1607 605 1647 „
636 1545 791 1633 cantica
818 1545 936 1628 festos
968 1542 1203 1656 Martyrum
1232 1542 1316 1627 dies
1348 1540 1560 1644 laetiores,
1595 1571 1640 1627 ac
1664 1540 1952 1660 splendidiores

570 1725 606 1765 „
636 1662 754 1748 etiam
772 1687 886 1744 nunc
918 1658 1141 1762 efficiunt„
1170 1722 1180 1745 .
1209 1659 1428 1748 Consentit
1457 1661 1519 1744 his
1543 1663 1794 1748 Sozomenus
1816 1660 1957 1774 (1)„:¹

574 1841 603 1882 „
635 1778 828 1894 Ephraim
842 1805 938 1869 vero
955 1805 1051 1866 cum
1071 1780 1195 1892 Syros
1211 1805 1249 1866 et
1271 1783 1489 1868 verborum
1506 1778 1724 1895 elegantia,
1748 1802 1787 1863 et
1802 1779 1955 1864 modu-

574 1958 603 1999 „
632 1896 791 1997 lationis
808 1894 1082 1983 concinnitate
1098 1895 1285 1980 delinitos
1297 1894 1452 1982 videret
1465 1957 1479 1995 ,
1494 1925 1621 2009 eaque
1639 1896 1793 1986 ratione
1809 1896 1957 2015 paula-

575 2070 617 2117 „·
634 2013 707 2101 tim
723 2014 897 2115 adduci,
923 2037 970 2099 ut
986 2010 1094 2098 idem
1116 2043 1210 2099 cum
1236 2013 1464 2102 Harmonio
1478 2013 1699 2129 sentirent,
1734 2015 1817 2130 ipse
1838 2042 1956 2130 grae-

574 2189 605 2235 „
634 2162 703 2222 cae
723 2129 965 2217 eruditionis
980 2159 1119 2250 expers
1142 2159 1306 2252 operam
1331 2130 1473 2231 dedit,
1504 2156 1552 2216 ut
1570 2132 1782 2220 Harmonii
1816 2161 1959 2217 nume·

575 2309 604 2353 „
637 2282 701 2338 tos
719 2249 976 2364 intelligentia
995 2276 1275 2363 assequeretur
1291 2284 1302 2338 z
1317 2274 1355 2333 et
1370 2248 1484 2362 juxta
1504 2276 1694 2338 numeros
1708 2251 1952 2369 scriptorum

574 2430 605 2469 „
637 2365 852 2466 Haemonii
883 2367 980 2451 alios
1011 2368 1235 2486 composuit
1269 2365 1393 2454 libros
1424 2364 1706 2451 ecclesiasticae
1745 2367 1954 2453 doctrinae

573 2546 605 2590 „
635 2484 952 2572 consentientes.
987 2482 1233 2601 Cuiusmodi
1250 2508 1350 2569 sunt
1380 2510 1457 2582 ea,
1486 2511 1592 2593 quae
1611 2484 1653 2564 in
1674 2481 1887 2595 Hymnis,
1919 2506 1961 2569 et

570 2664 601 2705 „
632 2602 825 2690 encomiis
838 2629 1072 2688 sanctorum
1096 2603 1279 2690 virorum
1296 2626 1394 2687 sunt
1411 2601 1637 2686 elaborata.
1654 2599 1715 2687 Ex
1731 2631 1781 2686 eo
1807 2626 1958 2716 tempo-

571 2781 601 2823 „
632 2722 708 2806 reS
741 2718 899 2834 rijuxta
917 2720 1367 2813 numeroscanticotum
1376 2716 1591 2811 Harmonii
1607 2718 1751 2840 scripta
1762 2718 1959 2841 Ephraim

573 2903 605 2943 „
634 2752 795 2955 psalleoe
811 2836 983 2940 solent„
1002 2900 1013 2922 .

596 3010 600 3014 -
634 2986 701 3068 51.
735 2956 860 3042 Paulo
894 2955 1004 3042 aliter
1036 2984 1118 3041 rem
1150 2982 1288 3042 narrat
1311 2953 1675 3073 Nicephorus(2):
1697 3016 1725 3058 „
1756 2986 1851 3042 cum
1877 2956 1963 3071 jam'

573 3134 604 3176 „
633 3103 700 3191 per
720 3073 792 3158 tria
812 3104 834 3158 a
869 3070 1037 3159 Christo
1058 3100 1156 3160 nato
1172 3074 1302 3159 secula
1320 3074 1484 3196 simplex
1518 3098 1694 3176 cantus,
1723 3074 1805 3163 sive
1821 3073 1961 3195 potius

575 3252 607 3292 „
639 3191 813 3276 recitatio
832 3190 944 3277 nullo
971 3190 1258 3278 modulationis
1273 3190 1370 3279 fuco
1400 3191 1592 3313 permixta
1615 3190 1958 3310 Christipopulos

575 3369 608 3408 η
637 3307 860 3401 nutrivisset
876 3374 890 3413 ,
907 3339 996 3400 ecce
1012 3308 1083 3397 tihi
1102 3309 1351 3399 Harmonius
1365 3310 1533 3429 quidam
1549 3308 1787 3398 Bardesanis
1818 3313 1964 3398 haere·

574 3481 606 3530 ,‚
636 3426 812 3519 siarchae
834 3427 1059 3517 haereticus
1073 3426 1199 3531 filius,
1228 3426 1316 3512 mali
1334 3429 1443 3518 corvi
1460 3429 1611 3514 malum
1627 3457 1752 3515 ovum
1769 3455 1863 3513 cum
1879 3458 1957 3512 sua

571 3605 602 3645 „
632 3574 757 3668 prava
786 3547 976 3663 dogmata
1009 3544 1173 3634 musicis¹
1202 3547 1379 3634 numeris
1410 3545 1661 3643 includeret,
1696 3572 1734 3631 et
1766 3544 1880 3632 multi
1906 3573 1955 3634 ex

573 3720 605 3764 ‚‚
636 3664 746 3775 Syris
763 3662 938 3779 propter·
955 3666 1173 3754 verborum
1188 3689 1468 3761 venustatem,
1497 3686 1535 3748 et
1563 3692 1760 3748 sonorum
1776 3662 1960 3752 suavita·-

574 3842 604 3885 „
631 3806 714 3869 ‘tem
731 3781 905 3867 demulsi
920 3781 1113 3899 paulatim
1142 3780 1335 3867 haeresim
1357 3779 1623 3878 imbiberent;
1648 3783 1695 3861 Β.
1714 3779 1890 3895 Ephrem
1911 3809 1957 3867 ea

574 3960 603 4003 „
635 3900 855 4016 recognita
887 3901 1070 3988 carmina
1088 3898 1324 3986 catholicam
1358 3899 1477 3984 fidem
1510 3895 1739 3983 resonantia
1770 3897 1958 3985 veneficis

579 4071 610 4115 2,
636 4018 852 4108 Harmonii
886 4019 1068 4108 versibus
1110 4017 1328 4136 opposuit,
1360 4017 1474 4107 clavo
1505 4013 1649 4104 scilicet
1680 4014 1839 4108 clavum
1867 4044 1958 4103 tru·

578 4191 609 4234 „
641 4135 748 4222 dens.
764 4139 823 4226 Ea
845 4136 980 4249 itaque
1001 4135 1116 4226 suavi
1134 4161 1595 4250 vocum,sonorumque
1611 4133 1715 4219 flexu
1737 4163 1978 4224 accommo-

575 4310 607 4350 „
641 4249 729 4334 data
746 4253 854 4368 Syris
883 4254 1089 4341 audienda
1108 4254 1326 4374 praebuit,
1360 4281 1398 4341 et
1430 4251 1661 4355 canenda„
1687 4314 1697 4333 .
1722 4257 1831 4339 llaec
1851 4249 1960 4369 ipsis·

577 4365 678 4456 sima
710 4373 827 4455 verba
862 4371 1092 4457 Martenius
1121 4370 1359 4486 Nicephoro
1391 4370 1530 4459 tribuit
1561 4430 1575 4469 ,
1607 4397 1655 4458 ut
1687 4372 1807 4456 innui
1833 4397 1958 4483 supra

573 4512 684 4568 num.
707 4512 801 4597 31„
818 4517 922 4597 quae
940 4513 1072 4574 tamen
1092 4519 1165 4604 ego
1183 4487 1345 4575 minime
1365 4489 1533 4606 repetire
1551 4489 1667 4605 potui
1684 4491 1754 4574 loc.
1774 4487 1864 4586 cin,
1883 4487 1967 4575 ubi·

580 4600 841 4716 Nicephotus
858 4605 1020 4714 quidem
1046 4607 1094 4692 de
1115 4605 1341 4691 Harmonio
1360 4605 1541 4717 loquitur
1562 4663 1572 4683 .
1920 4605 1924 4613 '

663 4746 731 4837 52.
781 4719 821 4808 Si
852 4720 951 4807 alibi
996 4725 1091 4822 ait,
1123 4749 1214 4845 post
1247 4723 1324 4811 tria
1362 4719 1557 4808 Ecclesiae
1602 4719 1735 4807 secula
1769 4709 1978 4847 taarog-I

1603 4841 1632 4925 F
1663 4868 1689 4928 2
1930 4858 1934 4865 ·

625 4975 679 5061 (t)
703 4970 971 5072 Lib.3.eap.to.
1037 4983 1092 5072 (a)
1119 4977 1344 5053 Lib0Histot0·
1357 5000 1394 5070 9.
1413 4980 1551 5071 capud.
1684 5001 1686 5006 ·
