5084 6234
825 855 1486 951 renuntiantem
1779 887 1872 983 ngr

466 1004 651 1126 quinque
669 1027 792 1125 nupta
809 1002 1007 1093 ducentos
1029 1008 1151 1095 fuisse
1166 1027 1358 1125 vagatos.
1391 1006 1521 1127 Apud
1537 1009 1730 1119 antiquos
1745 1005 1863 1099 Lati·

467 1151 646 1218 noanon
664 1155 750 1212 una
784 1187 799 1226 ,
837 1151 911 1209 nec
928 1155 1121 1213 constans
1151 1125 1231 1213 luit
1262 1126 1378 1214 metri
1399 1130 1503 1215 ratio
1521 1191 1534 1230 ,
1551 1129 1622 1215 sed
1641 1130 1787 1231 varia,
1819 1156 1865 1222 et

466 1248 671 1365 multiplex
688 1276 763 1363 pro
776 1270 1003 1360 temporum
1022 1247 1209 1335 varietate
1227 1310 1241 1349 ‚
1258 1247 1506 1366 ingenioque
1522 1249 1798 1365 scriptorum,
1814 1276 1863 1353 ut

467 1367 674 1502 liquet-ex
691 1361 947 1466 Prudentio,
979 1364 1212 1484 Hymnatio
1240 1368 1508 1457 Mozarabico
1532 1432 1548 1472 ,
1583 1367 1749 1486 aliisque
1768 1399 1864 1492 per·

470 1507 675 1576 vetustte.
1864 1537 1868 1550 ·

1003 1608 1154 1726 Regulo
1177 1632 1316 1695 reato.

646 1725 826 1843 Hymnus
840 1760 911 1819 nec
931 1727 1021 1847 plot
1036 1753 1156 1844 aequo
1172 1727 1353 1848 longior,
1370 1757 1441 1814 nec
1455 1726 1602 1817 brevior
1613 1729 1679 1816 tit.

529 1867 631 1958 225.
664 1848 814 1949 Ratio,
835 1883 880 1940 ac
899 1873 1047 1936 natura
1064 1845 1148 1967 ipsa
1175 1848 1285 1936 hanc
1304 1847 1482 1965 tegulam
1507 1847 1769 1965 praescribit3
1786 1854 1860 1944 aed

467 1992 676 2087 quaenam
691 1967 742 2055 sit
766 1966 891 2058 nimia
909 1991 984 2056 aut
999 1964 1217 2084 longitudo
1236 2024 1250 2066 ,
1283 1993 1355 2053 aut
1372 1965 1544 2058 brevitas
1572 1966 1860 2082 hymnorum,

465 2112 645 2208 auperest
661 2083 956 2206 inquirendum
974 2148 984 2170 .
1005 2086 1197 2200 Guyetus
1231 2113 1304 2175 nec
1323 2085 1525 2177 breviores
1541 2085 1717 2200 hymnos
1732 2089 1872 2204 quin-'-

466 2235 549 2324 que
559 2205 764 2322 atrophia,
780 2237 856 2297 nec
872 2207 1074 2326 longiores
1086 2227 1241 2320 neptem
1260 2203 1466 2294 admittit.
1485 2205 1695 2294 Santoliua
1710 2207 1860 2320 victo·-

468 2326 588 2432 rinua
602 2325 655 2411 ad
673 2325 842 2431 decern,
870 2327 933 2413 vel
947 2325 1082 2450 piures
1113 2324 1340 2443 aliquando
1354 2328 1541 2442 strophas
1557 2326 1736 2441 hymnoe
1770 2331 1863 2438 bre·¹

465 2440 584 2537 viarii
601 2441 888 2534 Cluniacensin
904 2442 1133 2564 protraxit,
1150 2444 1269 2556 quod
1285 2442 1507 2532 Monachia
1523 2442 1672 2532 Choro
1689 2448 1860 2540 aaauetia

466 2591 554 2649 non
573 2563 782 2680 ingratum
797 2566 961 2653 fortasse
978 2560 1127 2653 fuerit.
1154 2562 1412 2653 Breviarium
1432 2565 1667 2652 Romanum
1684 2566 1862 2682 hymno·

467 2680 556 2886 ἕης
569 2681 650 2769 fere
670 2681 944 2804 longitudinis
957 2686 1080 2772 habet
1096 2747 1111 2785 ,
1128 2711 1257 2803 quam
1274 2681 1467 2798 Guyetua
1515 2684 1720 2774 raetctibit
1738 2745 1749 2769 .
1771 2687 1861 2778 Nec

496 2825 614 2887 esunt
630 2800 806 2917 hymni,
832 2805 906 2922 qui
938 2805 1069 2893 tribua
1081 2828 1247 2891 tantum
1263 2804 1441 2922 atrophia
1459 2712 1750 2907 ahsoivnntur,
1785 2831 1862 2898 neo

468 2920 699 3042 turmaqui
717 2924 772 3009 ad
789 2953 936 3014 novem
951 2925 1136 3045 atrophaa
1143 2922 1422 3014 extendantur
1440 2982 1452 3007 .
1470 2921 1627 3010 Modut
1642 2951 1736 3039 ergo
1751 2923 1863 3040 opti-·

467 3063 559 3125 mua
576 3039 677 3144 etit,
703 3041 892 3160 quinque
907 3043 995 3146 ,vel
1010 3071 1078 3131 aex
1093 3044 1280 3159 atrophat
1299 3040 1343 3123 in
1357 3038 1589 3158 sapphicis,
1619 3063 1659 3126 et
1676 3040 1778 3127 ascle
1808 3041 1864 3129 ia·

469 3155 582 3261 deit,
613 3187 714 3263 tex,
746 3188 945 3280 septemve
976 3159 1021 3245 in
1039 3161 1222 3252 iambicis
1236 3159 1425 3247 trimetria
1440 3156 1658 3247 adhibere.
1695 3070 1858 3254 Audivi

469 3276 727 3390 aliquando,
747 3311 964 3368 numerum
982 3282 1174 3399 imparem
1189 3278 1453 3398 stropharum
1466 3280 1522 3368 ob
1537 3276 1670 3367 Chori
1682 3309 1696 3383 ·,
1710 3303 1753 3369 et
1766 3305 1863 3370 can*

465 3419 532 3483 tna
547 3399 875 3486 commoditatem
890 3431 971 3489 esse
988 3399 1332 3523 praeferendum.
1364 3398 1445 3485 Sed
1473 3428 1569 3490 curn
1587 3395 1630 3484 id
1648 3423 1860 3515 nusquam
1892 3417 1897 3427 '
1946 3425 1948 3430 ·

465 3509 623 3636 legerim
638 3518 922 3609 confirmatum
939 3584 952 3622 ,
969 3546 1010 3609 et
1023 3520 1171 3640 partim
1183 3518 1327 3636 optimi
1345 3511 1660 3637 Hymnogtaphi
1680 3535 1861 3608 recentes

468 3659 685 3724 numerum
699 3666 838 3755 parem
859 3637 1107 3742 adhibeant,
1141 3636 1244 3725 nihil
1261 3638 1426 3741 habe0,
1455 3667 1542 3756 quo
1561 3663 1713 3725 novam
1745 3635 1856 3728 hanc

465 3745 590 3874 legem
604 3781 781 3844 atatuam
806 3824 820 3861 ,
849 3783 921 3844 aut
949 3761 1232 3847 corroborem.
1253 3756 1395 3845 Solum
1424 3757 1637 3846 Muretum
1672 3751 1859 3845 animad-

463 3875 563 3964 verti
596 3873 740 3997 impari
772 3879 1031 3997 stropharum
1055 3905 1228 3966 numero
1256 3904 1355 3968 tuot
1370 3903 1512 3962 omnes
1537 3875 1716 3994 hymnos
1747 3903 1854 3965 con·

467 3987 656 4086 clusine.

982 4120 1038 4209 Re
1094 4118 1333 4237 loeeptirno.
1665 4219 1669 4226 ,

670 4238 745 4325 Pro
761 4261 984 4354 unoquoque
999 4151 1210 4351 officinam
1223 4238 1354 4355 ploret
1365 4231 1500 4354 hymni
1500 4230 1610 4353 finnt
1617 4265 1637 4340 ·,

702 4387 817 4476 quant
834 4356 936 4460 tres,
950 4357 1011 4446 oe!
1024 4389 1125 4445 unus
1136 4358 1177 4445 iu
1195 4380 1273 4444 tret
1282 4380 1413 4478 portet
1426 4354 1604 4443 divitur.

526 4473 627 4564 22⁶.
658 4476 795 4562 Solent
820 4475 863 4562 in
881 4476 1130 4594 quibusdam
1146 4475 1355 4570 breviariis
1368 4501 1550 4595 quatuor
1582 4471 1728 4590 hymni
1757 4486 1849 4593 proi

453 4583 539 4706 prii
560 4596 715 4685 recitari
734 4659 748 4699 ,
766 4592 821 4679 ad
836 4622 1027 4711 vesperae
1046 4661 1061 4702 ,
1080 4596 1136 4686 ad
1147 4595 1397 4684 matutinum
1413 4595 1502 4698 ,ad
1517 4594 1687 4698 laudes,
1720 4615 1761 4682 et
1790 4591 1847 4684 ad

459 4711 661 4826 tecundao
693 4742 901 4834 vesperae.
926 4712 1172 4834 Huiusmodi
1199 4742 1380 4836 quatuor
1396 4712 1541 4827 hymni
1569 4738 1670 4822 eunt
1699 4712 1851 4824 inbreL

459 4821 592 4918 viario
605 4830 842 4922 Turonensi
856 4862 931 4951 pro
947 4835 1136 4950 quolibet
1149 4835 1253 4927 letto
1275 4836 1315 4921 S.
1336 4830 1553 4937 Martini,
1568 4823 1764 4938 nimirum
1782 4833 1848 4922 dh

460 4970 548 5030 cem
566 4952 752 5044 universe
766 4979 923 5070 praeter
933 4979 1080 5073 septem
1091 4953 1191 5045 altos
1207 4952 1251 5041 in
1263 4951 1399 5042 officio
1413 4949 1667 5073 ejus'parvo'.
1686 4951 1750 5040 Ex'
1767 4963 1848 5037 uate

459 5057 653 5177 breviarii
669 5073 846 5163 Romani
862 5071 975 5163 aliter
994 5099 1058 5164 tet
1071 5073 1284 5199 procedit,
1305 5101 1403 5163 nun
1420 5072 1674 5189 ubihymni·
1693 5053 1850 5190 proprii
