5084 6234
571 805 600 891 ⁶
1003 810 1587 899 DEHYMNIS'

570 946 771 1061 hymnum
789 946 997 1064 distinguit
1013 979 1034 1033 a
1053 950 1227 1067 psalmo,
1260 978 1298 1037 et
1315 953 1471 1040 cantico
1482 1016 1509 1053 ‚,
1532 952 1608 1039 Hic
1625 975 1760 1039 autem
1776 955 1960 1050 breviter,

571 1126 600 1169 ‚‚
631 1069 806 1180 hymnos
837 1096 916 1153 esse
950 1066 1196 1171 dicendum,
1228 1070 1300 1183 qui
1316 1070 1622 1172 fortitudinem,
1652 1098 1690 1157 et
1707 1072 1949 1189 majestatem

573 1183 866 1301 „praedicant
897 1185 972 1269 Dei
988 1211 1053 1285 ,et
1068 1188 1247 1302 ejusdem
1264 1212 1417 1304 semper
1446 1189 1509 1276 vel
1527 1189 1717 1276 beneficia
1735 1246 1748 1283 ‚
1764 1190 1825 1279 vel
1842 1190 1951 1277 facta

575 1361 603 1403 ‚‚
619 1305 817 1389 mirantur
832 1365 888 1404 „.
919 1306 959 1387 S.
978 1303 1153 1391 Isidorus
1178 1305 1252 1420 (1)
1282 1308 1463 1394 universe
1495 1306 1579 1391 sine
1612 1308 1689 1393 hoc
1724 1306 1951 1394 discrimine

576 1419 719 1519 docet,
737 1423 895 1533 quod„
915 1422 1110 1506 Carmina
1129 1451 1411 1536 quaecumque
1438 1423 1480 1505 in
1511 1423 1672 1508 laudem
1696 1423 1774 1506 Dei
1806 1422 1955 1510 dicun·

574 1598 605 1638 „
636 1564 717 1638 tur,
727 1540 871 1653 hymni
890 1564 1151 1640 vocantur‚,.
1168 1541 1842 1627 Eademhabetllabanushlaurus
1855 1540 1956 1656 (ε).

576 1654 648 1767 qui
668 1655 782 1772 plura
814 1658 942 1774 capita
959 1686 1008 1742 ex
1022 1658 1062 1739 S.
1082 1658 1236 1745 isidoro
1251 1654 1466 1761 transtulit,
1483 1658 1569 1775 ejus
1587 1656 1749 1746 nomine
1768 1685 1853 1740 non
1871 1659 1959 1771 laus

576 1772 669 1857 dato
687 1806 699 1874 ;
715 1776 970 1893 praemiserat
984 1800 1116 1860 tamen
1132 1837 1147 1876 ‚
1163 1805 1203 1862 se
1223 1806 1270 1861 ea
1284 1775 1404 1861 fuisse
1435 1800 1666 1861 mutuatum
1696 1803 1747 1860 ex
1758 1773 1957 1863 Auctori‹

576 1890 653 1978 bus
671 1894 947 1980 Ecclesiasticis
966 1953 977 1975 .
1010 1891 1092 1977 Etsi
1110 1917 1245 1980 autem
1264 1921 1488 2007 repugnare
1510 1892 1695 1981 videatur
1723 1890 1957 1979 Cardinalis

575 2009 691 2092 Bona
705 2009 806 2125 (3),
838 2039 923 2093 non
950 2012 1176 2124 incongrue
1201 2037 1336 2097 tamen
1368 2008 1522 2122 Hymni
1540 2010 1791 2125 appellantur
1809 2008 1957 2095 carmi-

577 2153 631 2209 na
651 2125 694 2207 in
711 2125 873 2213 laudem
889 2130 1120 2240 Martyrum
1138 2190 1151 2227 ‚
1184 2157 1230 2215 ac
1247 2132 1490 2213 Sanctorum
1505 2189 1519 2226 ‚
1536 2158 1620 2211 non
1635 2126 1767 2211 solum
1781 2126 1879 2239 quia
1912 2126 1955 2210 in

575 2240 631 2327 eis
647 2241 883 2361 plerumque
903 2244 1017 2330 Deus
1033 2246 1275 2333 nominatim
1291 2244 1514 2345 laudatur,
1541 2273 1684 2333 verum
1712 2241 1832 2327 etiarn
1855 2242 1955 2355 quia

576 2359 733 2463 cultus,
751 2365 963 2476 honorque
980 2363 1134 2449 Sanctis
1160 2363 1371 2477 praestitus
1388 2360 1432 2443 in
1448 2364 1582 2446 Deum
1601 2361 1850 2475 potissimum
1871 2389 1955 2448 vet·

574 2476 660 2594 git,
677 2508 722 2564 ac
741 2480 999 2565 refunditur.
1025 2479 1223 2594 Georgius
1256 2478 1488 2564 Cassander
1505 2475 1579 2592 (4)
1604 2480 1781 2590 hymnos
1808 2478 1851 2560 in
1867 2477 1959 2564 lau·

575 2595 665 2679 dem
680 2598 920 2682 Sanctorum
948 2594 1056 2679 Odns
1084 2595 1383 2682 Eumeniosticas
1413 2593 1557 2680 rectius
1591 2623 1670 2680 esse
1704 2593 1958 2708 appellandas

573 2713 846 2825 pronunciat3
863 2711 1079 2824 antiquum
1093 2735 1226 2798 tamen
1257 2713 1506 2825 hymnorum
1523 2710 1801 2809 vocabulum,
1831 2713 1956 2797 ratio-

577 2854 752 2942 nemque
772 2829 991 2916 indicatam
1007 2827 1172 2930 libenter
1189 2829 1363 2915 admittit
1380 2889 1392 2913 .

636 2974 677 3058 7.
709 2947 848 3061 Quare
863 2947 1005 3033 omissa
1024 2945 1151 3061 ampla
1170 2946 1233 3031 illa
1256 2945 1577 3065 significatione,
1604 2975 1687 3059 qua
1710 2946 1798 3030 laus
1827 2971 1955 3056 quae·

573 3062 666 3164 vis,
688 3066 772 3153 sive
787 3090 930 3151 cantus
957 3066 1117 3181 hymnus
1139 3062 1301 3151 fortasse
1321 3065 1552 3181 nuncupari
1570 3088 1727 3181 potest,
1762 3061 1816 3146 ad
1837 3091 1957 3148 usura

575 3181 773 3268 Ecclesiae
791 3181 1018 3297 praesertim
1049 3183 1265 3296 antiquum
1294 3186 1478 3299 Hymnus
1497 3212 1554 3269 est
1580 3181 1767 3269 canticum
1800 3178 1841 3265 in
1870 3180 1956 3265 lou·

575 3302 659 3385 dem
678 3298 785 3403 Dei,
805 3326 1067 3386 sanctorumve
1095 3301 1172 3385 siue
1189 3329 1308 3386 metro
1332 3363 1347 3401 ,
1375 3302 1453 3386 sive
1479 3303 1679 3415 rhythmo,
1708 3299 1785 3384 siue
1815 3297 1959 3383 oratio-

575 3448 625 3503 ne
648 3417 776 3504 incisis
799 3419 1019 3533 quibusdam
1050 3416 1256 3521 distincta,
1282 3448 1332 3504 nc
1363 3447 1440 3503 non
1476 3417 1630 3502 omnino
1652 3416 1804 3503 solum.
1836 3416 1958 3501 Nova

577 3559 712 3619 autem
728 3535 945 3621 multorum
959 3534 1215 3621 consuetudo
1230 3537 1337 3637 fert,
1367 3559 1415 3620 ut
1443 3536 1633 3647 Hymnus
1648 3530 1778 3618 solum
1798 3528 1957 3615 dicatur

577 3679 737 3738 carmen
753 3651 925 3765 lyricum
940 3652 995 3736 ad
1009 3650 1146 3737 laudes
1158 3653 1259 3756 Dei,
1274 3656 1594 3765 Sanctorumque
1610 3676 1735 3738 cantu
1752 3646 1959 3733 celebran-

576 3768 650 3855 das
665 3770 958 3889 compositum.
986 3767 1262 3858 Nihilominus
1293 3771 1403 3858 aliter
1423 3768 1543 3857 sentit
1574 3768 1701 3860 Card.
1717 3770 1832 3853 Bona
1862 3765 1885 3879 (
1911 3763 1959 3876 ),

576 3887 649 4001 qui
663 3890 946 3977 Venerabilem·
957 3885 1107 3972 Bedam
1124 3888 1330 4005 redarguit
1347 3950 1361 3990 ‚
1390 3888 1507 4004 quod
1521 3887 1574 3971 ad
1588 3886 1785 3974 rationem
1800 3882 1956 3995 Hymni

575 4001 748 4092 metrum
765 4004 1034 4093 necessarium
1057 4031 1136 4090 esse
1155 4007 1393 4107 crediderim
1412 4007 1487 4093 nisi
1501 4005 1602 4092 sorte
1619 4004 1798 4117 loquitur
1814 3998 1961 4085 Cardi-

576 4122 679 4209 nalis
706 4124 755 4210 de
787 4127 1035 4237 hymnorum
1062 4123 1230 4236 antiqua
1250 4125 1543 4241 appellatione.
1573 4119 1845 4208 Cassiodorus
1861 4116 1959 4230 qui·

576 4238 668 4324 dem
685 4243 795 4328 Beda
830 4239 1035 4353 antiquior
1063 4238 1139 4353 (iu
1164 4243 1413 4357 Eepmitione
1429 4241 1660 4328 Psalmomm
1682 4262 1904 4323 v1.xxx1x.
1922 4260 1962 4323 et

578 4360 803 4473 exs·1.)in
835 4358 1009 4471 Hymnis
1037 4355 1149 4440 metri
1185 4359 1354 4474 alicujus
1381 4358 1503 4475 legem
1533 4356 1682 4470 pariter
1705 4355 1853 4473 exigit.
1880 4348 1959 4437 Sed

579 4499 750 4594 uterque
768 4499 1038 4597 congruenter
1059 4472 1218 4592 intelligi
1235 4500 1390 4596 potest,
1407 4502 1455 4564 ut
1473 4474 1686 4592 improprie
1701 4472 1813 4564 meni
1832 4467 1959 4556 nomi·

625 4687 680 4771 (r)
708 4680 763 4749 De
778 4679 869 4749 Eccl.
885 4680 972 4750 offic.
989 4677 1050 4751 lib.
1067 4701 1099 4750 t.
1116 4704 1193 4773 cap.
1207 4686 1242 4749 6.
1293 4684 1370 4755 diae
1388 4690 1528 4768 capro.
1552 4688 1620 4771 §.9.

627 4784 681 4868 (a)
708 4777 764 4846 De
781 4774 1118 4871 Instituteclericor.
1135 4777 1241 4849 lima.
1282 4794 1285 4800 ·
1342 4787 1397 4873 (4)
1422 4781 1458 4851 ln
1489 4782 1638 4873 Epistola
1669 4770 1852 4869 praemissa
1879 4772 1959 4868 Hy·

579 4892 724 4971 cap-49·
1287 4881 1372 4952 mnis
1386 4877 1575 4950 Ecclesiast.
1592 4871 1741 4949 Scholiis·
1759 4869 1957 4947 illustratis.

626 4978 681 5069 (3)
706 4969 877 5068 Tractatu⁴
905 4969 1054 5047 Divinae
1088 4970 1238 5068 psalmo·
1334 4985 1390 5075 (ς)
1414 4973 1571 5050 Loacit.
