5084 6234
725 1497 730 1504 -
759 1436 936 1523 Censura
949 1429 1196 1539 Hyrnnorurn
1212 1380 1381 1510 Snnrolii
1408 1422 1595 1514 Victorini·
1621 1453 1674 1510 erc
1703 1428 1815 1512 libro
1845 1428 2035 1514 MENA-

943 1543 1127 1631 GlANA
1153 1543 1341 1659 inscripto
1370 1563 1572 1644 extracta,
1597 1565 1635 1628 et
1655 1573 1850 1659 repensa.

696 839 785 933 432
1007 831 1039 902 ἑ
1116 810 1680 900 BBEl-Mults
1822 846 1825 854 -

708 1677 974 1902 Scriptores
1002 1779 1140 1867 Gallos
1165 1780 1209 1863 in
1228 1780 1396 1867 Santolii
1429 1781 1632 1869 Victorini
1653 1785 1829 1890 Hymnis
1845 1784 2097 1874 celebrandis

708 1906 779 1997 vix
798 1906 926 1987 ullum
943 1901 1108 1986 modum
1128 1901 1330 1999 tenuisse,
1363 1900 1437 2014 qui
1454 1929 1598 1985 eorum
1616 1902 1691 1985 hac
1709 1901 1751 1986 in
1764 1932 1803 1988 re
1819 1902 1971 2018 judicia
1990 1905 2097 2019 lege·

714 2027 767 2114 rit
783 2085 797 2124 ,
827 2020 939 2106 lacile
955 2019 1032 2105 sibi
1050 2017 1336 2133 persuadebit,
1353 2044 1392 2103 et
1412 2046 1649 2135 argumento
1665 2050 1745 2106 esse
1764 2048 1964 2137 possunt,
1985 2051 2094 2134 quae

711 2143 752 2229 t‘n
769 2136 1047 2228 Dr'rserrnrione
1058 2132 1212 2252 praeuia
1225 2137 1281 2219 nd
1300 2139 1557 2252 Hymnodr'nm
1576 2132 1611 2253 l.
1624 2138 1770 2224 XXIX.
1788 2139 1995 2270 nunmdy.
2015 2161 2094 2228 etc.

707 2258 888 2378 exposita
905 2280 1029 2357 sunt,
1061 2280 1100 2340 et
1117 2276 1255 2342 notata
1276 2315 1286 2336 .
1323 2258 1421 2338 Non
1452 2253 1670 2341 defuerunt
1703 2282 1866 2358 tamen,
1898 2286 1970 2372 qur
1987 2259 2093 2341 mul·

705 2404 746 2469 tn
765 2444 778 2481 ,
814 2404 944 2492 eaque
963 2403 1048 2459 non
1062 2373 1162 2460 levia
1181 2436 1194 2472 ,
1218 2372 1260 2454 in
1279 2371 1516 2483 huiusmodi
1547 2376 1709 2487 hymnis
1726 2375 2090 2471 animadvertenda

709 2522 945 2595 censerenr;
970 2520 1149 2606 quorum
1181 2519 1255 2607 ego
1280 2520 1492 2577 censuram
1520 2491 1697 2608 prolerre
1729 2493 1921 2582 constitui
1951 2556 1965 2594 ,
2003 2517 2106 2581 non‘

705 2616 822 2733 quod
836 2613 1024 2706 laudibus
1041 2609 1208 2696 Santolii
1228 2608 1456 2723 quidquam
1491 2612 1715 2698 detractum
1746 2614 1864 2703 velim
1882 2676 1896 2713 ,
1914 2612 2053 2699 *sed-ut
2073 2677 2089 2717 ,

701 2730 886 2830 auditis,
919 2730 1147 2841 collatisque
1173 2727 1275 2811 inter
1290 2756 1329 2812 se
1349 2727 1511 2817 diversis
1528 2730 1745 2816 hominum
1763 2731 1941 2844 ejusdem
1959 2730 2099 2816 nario·

706 2852 771 2941 nis
785 2848 1020 2949 sententiis,
1058 2874 1213 2959 aequus
1244 2871 1379 2929 rerum
1397 2846 1543 2932 arbiter
1560 2847 1807 2961 prudenter,
1833 2873 1873 2933 et
1904 2849 2100 2932 incorru-

706 2998 772 3091 pte
790 2964 942 3085 judicet
961 2996 974 3067 3
998 2993 1086 3053 tum
1113 2963 1266 3063 etiam,
1299 2964 1463 3077 utquid
1480 2961 1751 3080 fugiendum,
1783 2968 2107 3082 sequendumve·

709 3090 760 3177 sit
776 3088 818 3170 in
836 3089 913 3172 hoc
932 3083 1268 3174 lucubrationum
1285 3109 1457 3194 genere,
1492 3081 1650 3169 facilius
1665 3083 1787 3204 possit
1804 3085 1968 3203 intelligi
1986 3145 1998 3168 .
2031 3086 2096 3177 Ac

588 3298 592 3307 ‚
741 3205 886 3292 rimum
913 3204 1083 3318 quidem
1113 3200 1211 3289 mihi
1241 3227 1446 3287 occutunt
1480 3228 1601 3316 opera
1639 3203 1843 3315 quaedam
1875 3205 2094 3320 posthuma

709 3238 754 3414 l.
772 3323 941 3421 loannis
958 3318 1172 3410 Commirii
1187 3318 1294 3404 edita
1315 3318 1472 3404 Parisiis
1493 3345 1634 3433 1704,
1651 3320 1693 3403 in
1714 3322 1981 3436 quibussunr
1995 3318 2096 3407 mul-

709 3445 740 3532 ti
760 3440 933 3556 hymni,
958 3439 1140 3532 videlicet
1161 3465 1225 3523 12.
1248 3438 1290 3523 in
1309 3440 1350 3523 S·
1366 3436 1594 3524 Matrinum
1611 3469 1681 3553 ,¹3.
1702 3439 1744 3522 in
1764 3442 1805 3526 S.
1820 3440 2094 3542 Gildardum,

714 3593 752 3649 1.
771 3560 816 3645 in
834 3563 874 3645 S.
888 3560 1107 3649 Perfectum
1125 3555 1439 3644 Cordubensem
1453 3558 1677 3671 Martyreni
1692 3558 1759 3660 ,8.
1782 3560 1824 3642 in
1840 3557 2095 3661 S.Ursulam,

709 3708 750 3770 et
764 3678 900 3766 Socias
918 3678 1138 3799 Virgines,
1171 3704 1215 3761 ac
1237 3676 1437 3785 Martyres
1459 3737 1473 3777 ,
1501 3706 1537 3759 1.
1558 3676 1657 3762 ins.
1681 3678 1944 3778 Liberatum,
1966 3703 2007 3763 et
2022 3682 2099 3764 So·

712 3802 796 3889 cios
815 3799 1047 3909 Martyres,
1068 3828 1104 3881 r.
1121 3798 1164 3880 in
1181 3796 1222 3880 S.
1233 3792 1535 3895 Saturninum,
1558 3826 1593 3878 r.
1616 3794 1658 3878 in
1678 3794 2031 3914 Sulugustinum,
2052 3828 2095 3912 3.
2206 3845 2209 3849 ·

710 3920 756 4006 in
785 3918 825 4003 S.
839 3917 1081 4017 Nicasium,
1116 3945 1155 4002 2.
1175 3913 1219 3998 in
1238 3918 1410 3998 Beatum
1441 3912 1655 4023 Aloysium
1683 3915 1954 4033 Gonzaganr,
1981 3912 2029 4032 ’3.
2048 3915 2094 4000 in

713 4040 754 4122 S.
767 4038 1143 4151 symphorianum,
1166 4063 1202 4116 1.
1221 4032 1264 4117 in
1282 4035 1322 4118 S.
1338 4031 1569 4119 Maximum
1588 4097 1599 4118 .
1625 4033 1855 4120 Mundities
1880 4033 1994 4119 latini
2010 4062 2103 4120 sere

712 4152 875 4250 monis,
908 4180 947 4241 et
961 4181 1150 4243 venustas
1167 4214 1181 4252 ,
1199 4180 1305 4266 quae
1332 4148 1374 4233 in
1394 4149 1558 4267 reliquis
1573 4150 1791 4238 Commirii
1809 4150 2000 4272 operibus
2015 4151 2099 4240 elu-

714 4297 807 4378 cet,
839 4270 882 4357 in
901 4271 1064 4386 hymnis
1080 4270 1250 4359 maxime
1265 4267 1446 4372 eminet;
1472 4270 1610 4359 habita
1629 4277 1906 4389 praeterea'est
1921 4272 2097 4390 diligen·

713 4420 774 4483 tet
802 4391 905 4479 ratio
927 4388 1215 4479 modulationis
1231 4388 1513 4477 ecclesiasticae
1532 4452 1545 4476 .
1575 4389 1804 4495 Crederes,
1822 4389 2098 4478 Commirinm

716 4543 810 4600 cum
830 4505 1013 4599 Santolio
1031 4510 1125 4597 olim
1142 4508 1302 4607 amic0,
1331 4535 1430 4595 tnnc
1443 4507 1587 4609 rivali,
1622 4510 1670 4593 de
1716 4510 1817 4597 alma
1833 4535 1999 4627 poeseos
2016 4512 2100 4625 hy-
2208 4516 2212 4522 ’

713 4628 930 4715 mnodicae
963 4658 1113 4718 certare
1148 4625 1351 4719 voluisse.
1379 4628 1489 4711 Nam
1506 4654 1553 4713 ut
1571 4628 1624 4713 ad
1656 4542 1713 4715 id
1719 4629 1912 4728 veniam,
1943 4630 2096 4744 dequo

715 4748 911 4866 proposui
930 4748 1073 4848 dicere,
1088 4746 1344 4833 Commirius
1359 4743 1476 4863 plura
1494 4745 1776 4865 epigrammata
1787 4749 2100 4838 adversusSan-

716 4863 861 4954 solium
880 4864 982 4953 inter
1002 4868 1099 4954 haec
1118 4891 1239 4982 opera
1264 4866 1480 4982 posthuma
1505 4868 1655 4954 habet.
1690 4867 1803 4953 Nihil
1836 4866 1897 4953 ille
1929 4861 2101 4977 quidem

720 4984 823 5098 stylo
837 4982 1004 5073 Santolii
1022 4982 1189 5101 objicit;
1218 5012 1316 5072 nam
1331 5012 1562 5076 suntantea
1592 4985 1817 5107 plurimum
1831 4984 2103 5192 laudaverat,¹

2037 5130 2087 5195 VC
