5084 6234
662 851 750 941 142
1053 811 1630 905 ’ὉΕΗΥΜΝΙΒΙ

659 958 804 1054 dennis
817 959 963 1047 sentiat
978 955 1475 1045 Ven.Card.Thomasius
1488 956 1582 1074 (1):
1601 956 1888 1076 Hymnosipsos
1902 956 2062 1077 saepius

658 1079 806 1167 mendis
836 1108 1051 1195 respersos,
1082 1075 1238 1163 sublatis
1261 1080 1528 1163 tantummodo
1552 1076 1871 1189 manifestioribus
1889 1082 2023 1167 errotis
2036 1135 2060 1183 ,·

656 1197 814 1316 reliquis
845 1228 932 1284 nero
949 1194 1101 1281 retentis
1128 1193 1326 1313 integros,
1352 1215 1476 1310 prout
1502 1195 1543 1281 in
1570 1198 1769 1284 codicibus
1782 1198 2050 1313 reperiuntur,

655 1315 835 1403 inlucem
855 1314 1107 1434 proferimus.
1146 1315 1282 1400 Multo
1307 1312 1455 1400 deinde
1485 1342 1575 1428 post
1598 1318 1727 1403 famus
1756 1316 1852 1433 est(
1880 1316 1930 1431 ),
1959 1321 2052 1431 Hy·

658 1435 866 1523 mnarium
892 1465 913 1518 a
930 1461 970 1521 se
992 1433 1150 1519 editum
1167 1432 1414 1518 correctione
1432 1430 1611 1547 indigere
1632 1492 1643 1514 .
2047 1479 2052 1488 ·

621 1655 625 1672 1
678 1597 682 1606 ·
724 1554 819 1670 164.
852 1554 995 1666 Quare
1016 1550 1305 1670 ineptissimum
1319 1572 1377 1635 est
1394 1577 1562 1640 asserere
1575 1584 1593 1652 ,·
1603 1579 1760 1637 errores
1784 1553 2048 1667 hymnorum,

657 1674 792 1791 quiin
816 1668 1020 1760 breviariis
1050 1697 1142 1756 ante
1166 1671 1386 1756 Urbanum
1411 1669 1839 1772 vulnerabantur,
1874 1673 2061 1761 retinen·-

658 1798 733 1883 dos
747 1792 894 1891 fuisse,
919 1788 1019 1904 quia
1036 1789 1090 1876 ita
1107 1814 1223 1876 erant
1238 1816 1260 1870 a
1278 1785 1415 1904 primis
1428 1787 1685 1874 sanctissimis
1702 1789 1937 1877 auctoribus
1956 1822 2053 1880 con·

655 1911 750 2003 fecti
775 1976 789 2010 ,
817 1940 908 2022 cum
938 1909 980 1990 in
1015 1909 1092 1993 hoc
1119 1903 1381 2019 scriptionum
1413 1933 1556 2021 genere
1588 1905 1787 2008 asciolis,
1813 1908 2050 2026 ignarisque

655 2026 903 2139 Presbyteris
916 2026 1041 2109 choro
1058 2021 1375 2110 inservientibus
1392 2045 1600 2139 tantopere
1611 2023 1734 2109 fuerit
1743 2025 1977 2128 variatum,
2005 2056 2054 2117 ut

657 2144 937 2235 difficillimum
955 2142 1005 2228 sit
1020 2167 1194 2228 statuere
1214 2141 1262 2226 de
1282 2140 1469 2256 pluribus
1481 2142 1665 2229 versibus
1679 2142 1911 2244 mendosis,
1955 2171 2009 2230 an
2028 2175 2063 2232 a·

656 2267 789 2388 primo
808 2286 971 2347 auctore
1008 2260 1062 2345 ita
1079 2260 1331 2377 prodierint.
1366 2263 1414 2342 ln
1431 2258 1604 2372 antiquo
1623 2261 1854 2373 Hymnario
1869 2261 2051 2348 uffho-
2151 2306 2153 2309 ·

656 2381 772 2471 masii
787 2380 994 2465 manifeste
1011 2378 1329 2495 deprehenditur
1356 2442 1370 2480 ‚
1404 2376 1577 2494 integras
1594 2380 1780 2494 strophas
1808 2409 1858 2467 ex
1874 2379 1961 2469 aliis
1977 2384 2066 2496 hy·-

656 2500 763 2593 mnis
782 2499 824 2583 in
843 2500 942 2585 alios
957 2498 1122 2586 diversis
1141 2497 1377 2585 auctoribus
1395 2494 1652 2611 adjudicatos
1668 2497 1794 2585 fuisse
1813 2497 2050 2603 translatam

657 2618 774 2739 quod
790 2649 875 2702 non
911 2614 1210 2729 ascriptoribus
1240 2615 1377 2729 primis
1403 2614 1558 2710 sactum
1573 2615 1764 2716 credam,
1793 2617 1864 2702 sed
1893 2622 1944 2704 ab
1961 2616 2061 2720 his,

659 2737 732 2857 qui
749 2764 886 2822 versus
904 2791 919 2829 ‚
937 2758 976 2820 et
1006 2733 1191 2847 strophas
1207 2732 1303 2819 hinc
1340 2731 1439 2818 inde
1463 2733 1719 2819 corradentes
1751 2735 1953 2847 hymnum
1987 2735 2056 2819 ali·

660 2883 784 2973 quem
816 2879 959 2940 temere
989 2850 1332 2967 compingebant,
1355 2878 1394 2937 et
1422 2849 1509 2967 ejus
1541 2879 1692 2935 nornen
1714 2853 2022 2967 praeponebant
2038 2897 2066 2954 ,-

659 2974 778 3091 cujus
794 2975 931 3089 plures
945 2994 1197 3072 versus,aut
1211 2972 1334 3060 verba
1351 2967 1656 3054 remansissent.
1672 2968 1864 3073 Accedit,
1883 2971 2067 3085 hymno-²

530 3190 535 3199 ,
661 3095 751 3180 diae
769 3092 952 3177 decorem
972 3148 987 3187 ,
1018 3088 1086 3175 cui
1105 3088 1388 3205 promovendo
1418 3087 1566 3175 summi
1583 3087 1820 3190 Pontifices,
1836 3089 2067 3205 imprirnis-=

666 3239 747 3324 que
780 3210 820 3292 8.
838 3208 1059 3321 Gregorius
1084 3211 1264 3321 Magnus
1287 3207 1564 3305 insudarunt,
1594 3206 1690 3305 vix,
1721 3235 1766 3292 ac
1801 3236 1851 3291 ne
1872 3207 1940 3293 vix
1987 3211 2055 3293 ui-

663 3332 756 3418 dem
771 3325 1002 3412 conservari
1020 3352 1132 3437 posse
1149 3324 1193 3404 in
1208 3323 1392 3412 versibus
1406 3322 1759 3423 claudicantibus,
1776 3324 1848 3411 ubi
1864 3325 2057 3412 nimirum

664 3476 737 3564 aut
769 3446 948 3542 desunt,
976 3467 1048 3528 aut
1082 3443 1301 3549 abundant
1331 3441 1507 3553 syllabae
1537 3497 1547 3522 .
1582 3440 1719 3561 Cujus
1751 3442 1808 3527 rei
1842 3444 1946 3530 ratio
1970 3467 2056 3545 est,

659 3644 1331 3728 ‚substitutasinterdumuocesmeliores
1388 3665 1562 3724 auctorem
1592 3643 1638 3718 ita
1653 3646 1858 3720 conclusisse
1873 3650 2048 3738 stropham

664 3765 727 3850 pro
747 3751 821 3823 anti
845 3746 895 3817 uis
908 3746 985 3818 aliis
998 3796 1009 3828 ‚
1024 3768 1110 3844 quae
1126 3744 1330 3818 carminibus
1387 3749 1542 3823 ultimam
1559 3794 1571 3827 ,
1587 3746 1729 3842 Spiritus
1744 3794 1756 3828 ,
1772 3746 1866 3830 cuius
1879 3744 1994 3815 reboat
2021 3747 2055 3816 iu

670 3771 926 3945 repugnalant,
957 3865 1067 3917 tamen
1099 3847 1241 3916 dubium
1260 3866 1327 3915 nou
1388 3843 1859 3927 omni-Glorirmundo‚cum
1885 3842 1983 3915 facile
1999 3868 2058 3938 po·

670 3963 742 4027 est,
759 3945 842 4040 quin
860 3942 994 4034 saepius
1012 3942 1221 4015 contrarium
1235 3940 1346 4036 acci-q
1389 3943 1494 4017 tuerit
1527 3960 1654 4013 rectam
1680 3948 1806 4031 pedum
1834 3963 2024 4015 mensuram
2045 3992 2058 4029 ,

671 4043 790 4117 derit.
809 4039 940 4135 Relege
956 4060 1071 4114 uotam
1088 4043 1129 4112 ad
1147 4058 1328 4123 numnis·
1390 4066 1491 4135 quam
1509 4038 1542 4111 in
1557 4038 1631 4109 aliis
1647 4039 1800 4111 versibus
1828 4043 2002 4124 servavit,
2022 4042 2056 4115 in

672 4142 765 4216 cirea
798 4136 991 4210 Clementis
1019 4138 1119 4210 v111.
1145 4137 1332 4210 correctio·
1391 4145 1458 4214 hoc
1484 4137 1584 4208 etiam
1624 4138 1824 4217 adbibere,
1865 4138 2059 4225 nimirum,

673 4235 752 4316 nem
766 4287 777 4311 .
792 4234 944 4322 lodoeus
959 4234 1162 4307 Clictoveus
1177 4236 1331 4306 Theolo·
1394 4238 1558 4337 Spiritus,
1586 4235 1678 4317 eujus
1711 4234 1828 4306 reboat
1853 4252 1915 4335 per
1931 4261 2060 4312 omnem

676 4337 739 4440 gos
763 4330 1011 4410 eruditissimus
1037 4329 1101 4403 lib.
1118 4355 1149 4404 r.
1170 4333 1331 4405 elucida-
1391 4335 1526 4407 otuu
1554 4335 1711 4403 mundum
1737 4383 1748 4405 .
1777 4335 1856 4405 Non
1906 4337 2060 4409 inutilem

676 4437 759 4512 terii
773 4429 998 4507 'Ecclesiastiri
1018 4430 1242 4523 interpretans
1273 4432 1332 4525 by·
1394 4456 1533 4529 operam
1550 4431 1731 4522 sumpsisse
1748 4451 1866 4525 puto,
1897 4435 1956 4528 qui
1982 4458 2061 4505 ora·

675 4553 806 4617 ornum,
822 4536 938 4623 Nocte
954 4544 1126 4625 surgentes
1147 4528 1333 4623 vigilemus
1394 4534 1523 4606 tionem
1540 4542 1610 4626 pro
1637 4531 1742 4600 'Porri
1755 4560 1772 4629 .'
1781 4531 1955 4625 theologis
1984 4530 2064 4602 utili

679 4657 792 4708 omnes
820 4635 861 4705 ad
904 4631 1107 4702 matutinum
1145 4632 1185 4700 ab
1212 4646 1333 4701 octava
1395 4629 1488 4727 typis
1503 4629 1674 4700 commisit
1697 4630 1814 4702 Leodii
1835 4652 1937 4724 ¹749·
1956 4626 2064 4720 ·in4·‚·

678 4727 898 4816 Pentecostes
924 4730 1088 4822 usquead
1114 4725 1331 4798 Dominicam
1394 4726 1753 4825 quamaveolegere.
1890 4736 1893 4741 ’
1937 4732 1939 4742 ’

679 4825 927 4925 proximiorem
944 4824 1104 4899 Kalendis
1124 4825 1288 4898 Octobris
1302 4824 1336 4895 in
1449 4835 1501 4919 (1)
1524 4827 1626 4898 Tom.
1657 4853 1690 4900 a.
1724 4844 1823 4915 oper·
1848 4822 1989 4915 praefat.
2023 4824 2064 4895 ad

679 4923 877 5003 Dominicis
890 4971 902 5005 ,
917 4923 1039 4994 adduci
1052 4924 1194 5017 nequit,
1210 4943 1246 4995 ut
1260 4946 1337 4996 cre·
1398 4924 1630 5025 Hymnarium
1646 4969 1676 4992 „

680 5030 767 5110 dat,
784 5021 833 5096 'St
848 5020 1073 5116 ·Gregorium
1098 5023 1176 5103 eius
1204 5020 1344 5116 bymoi·
1431 5029 1503 5116 tr)
1522 5024 1649 5115 Epir.
1663 5015 2066 5111 tom.7.'oper.eol.aro.·
