5084 6234
829 819 1472 930 r-:c'crssrrsrrcrs
1788 835 1879 952 ra,

459 978 641 1076 modulis
669 979 904 1103 proceditur
937 978 1183 1069 adversum
1214 1008 1365 1064 novem
1401 975 1672 1085 syllabarum,
1705 1000 1851 1094 nempe

455 1105 693 1220 strimmpue
708 1102 902 1189 Christum
918 1100 1101 1214 quaeritis
1120 1099 1288 1201 ,Oculos
1299 1096 1342 1181 in
1371 1096 1489 1181 altum
1500 1092 1642 1179 tollite.
1668 1095 1854 1208 Proque

454 1224 643 1316 secundo
672 1249 793 1310 versu
826 1216 977 1305 Clarus
1007 1216 1273 1335 subrogavit,
1295 1218 1454 1304 Menses
1479 1209 1522 1297 in
1553 1213 1674 1298 ultum
1692 1211 1846 1301 tollite.

519 1370 621 1428 nro.
654 1340 811 1423 Eodem
833 1334 1035 1455 pertinet,
1060 1336 1177 1451 quod
1196 1335 1240 1419 in
1260 1332 1441 1421 iambicis
1469 1328 1645 1416 dimetria
1661 1330 1858 1420 breviarii¹

450 1459 639 1574 „Romani
673 1457 723 1541 ali
755 1456 898 1542 nando
926 1457 1109 1541 secundo
1139 1455 1228 1541 loco
1244 1454 1474 1563 tribrachys
1499 1478 1568 1567 pes
1583 1448 1855 1558 tribuetylla·
1923 1453 1929 1476 ¹

444 1573 524 1675 ‘bis
540 1575 731 1667 brevibus
747 1577 937 1661 constans
951 1572 1159 1676 occurrit,
1192 1600 1240 1660 ut
1254 1573 1298 1660 in
1315 1573 1471 1683 hymno
1501 1565 1656 1654 Sedulii
1690 1566 1745 1651 ad
1759 1565 1855 1657 lau-

459 1699 590 1794 desin
606 1692 829 1783 Nativitate
862 1692 1067 1798 Domini,
1094 1693 1135 1778 Α
1151 1693 1244 1778 solis
1268 1713 1377 1780 ortus
1402 1688 1587 1786 cardine,
1623 1685 1698 1773 ubi
1713 1714 1865 1780 venue·

459 1816 606 1912 tertius
619 1838 752 1899 sextae
767 1812 955 1930 strophae
974 1814 1122 1914 habet,
1147 1815 1203 1898 Er
1219 1814 1316 1899 incre
1331 1811 1625 1926 modicopottut
1641 1828 1720 1893 est.
1750 1805 1856 1904 Non

463 1934 657 2033 inficior,
687 1931 733 2017 id
763 1932 876 2018 licere
895 1930 939 2013 in
972 1932 1063 2018 odis
1079 1932 1258 2019 iambicis
1286 1930 1498 2031 dimetris;
1526 1927 1597 2012 sed
1625 1924 1669 2011 in
1685 1928 1855 2038 hymnis

463 2049 734 2145 ecclesiasticis
760 2050 930 2166 hujusce
962 2049 1146 2166 generis,
1166 2079 1261 2136 cum
1293 2081 1413 2141 notae
1447 2044 1623 2133 musicae
1654 2073 1731 2165 pro
1761 2045 1861 2136 solie

468 2199 559 2262 octo
573 2169 735 2281 syllabis
750 2168 833 2256 sint
849 2170 1088 2284 dispositae,
1111 2175 1373 2285 pernubatur
1390 2166 1599 2286 euphonia
1615 2206 1638 2267 ,·
1654 2165 1688 2251 si
1707 2195 1859 2259 novem

468 2291 640 2402 syllabae
670 2287 970 2374 adhibeantur.
995 2293 1206 2402 Propterea
1226 2289 1464 2376 Parisienses
1494 2286 1609 2370 hunc
1624 2314 1786 2374 versum
1801 2285 1860 2376 ita

470 2411 771 2508 reformarunt,
805 2403 1022 2525 Erindiget
1053 2404 1289 2493 hctirciho.
1319 2408 1399 2494 Sed
1416 2436 1492 2496 cur
1512 2400 1652 2524 potius
1677 2427 1860 2494 retentus

469 2557 559 2617 nort
575 2524 791 2612 estSedulii
811 2524 985 2612 versus‘i
1003 2528 1109 2612 Nam
1142 2526 1185 2608 in
1205 2526 1440 2632 breviariis,
1457 2553 1496 2617 et
1527 2523 1753 2635 hymnariis
1781 2553 1863 2612 ana

468 2645 595 2762 tiquis
610 2644 664 2731 ita
690 2645 862 2763 legitur,
892 2644 1089 2762 Parvaque
1102 2647 1201 2733 lncte
1223 2676 1368 2765 postus
1381 2676 1463 2736 est.
1499 2645 1630 2763 Apud
1656 2641 1863 2750 Albinum

468 2762 662 2876 inofficiit
688 2795 763 2881 per
783 2760 913 2875 ferias
946 2768 1115 2853 Sabbata
1149 2765 1302 2886 integer
1328 2770 1497 2858 refertur
1530 2774 1711 2876 hymnus
1726 2765 1863 2854 inscri-

469 2911 568 3005 ptus
583 2918 595 2970 r
608 2884 659 2969 Β.
674 2884 876 3004 Episcopi
889 2884 1043 2970 Sedniii
1057 2948 1099 2990 .,
1135 2913 1175 2974 et
1203 2889 1347 2976 eodem
1375 2894 1523 3007 pariter
1540 2888 1665 2976 modo
1691 2885 1759 2972 hic
1775 2913 1864 2976 ver·

468 3034 568 3104 eus,
590 3004 789 3119 Pontoque
809 3008 1066 3121 increparint
1094 3025 1186 3091 est.
1214 3011 1332 3094 Recte
1360 3009 1483 3124 igitur
1515 3007 1698 3125 procedit
1719 3032 1862 3096 versus

471 3121 625 3212 Sedulii
644 3149 737 3209 octo
753 3122 913 3233 syllabis
927 3149 1141 3211 contentus
1156 3187 1170 3225 ,
1186 3154 1226 3212 et
1243 3127 1384 3214 cantui
1402 3129 1673 3247 opportunior
1690 3150 1747 3215 eet
1766 3122 1873 3226 alte«

472 3269 522 3328 ro
539 3268 686 3329 novem
699 3242 973 3351 syllabarum.
996 3245 1083 3330 Nec
1101 3242 1288 3333 dissimile
1308 3248 1369 3335 his
1386 3275 1474 3353 est,
1498 3246 1614 3365 quod
1634 3244 1865 3342 nonnullae,

475 3389 623 3464 voces,
648 3360 860 3476 inquibus
877 3364 1099 3472 synaeresis
1112 3364 1196 3450 lieri
1212 3367 1311 3455 solet
1328 3398 1377 3455 err
1397 3368 1562 3459 duabus
1574 3368 1783 3458 vocalibus
1797 3391 1865 3449 re-

477 3480 630 3583 tentis,
663 3480 796 3565 sedin
812 3511 947 3567 unum
969 3484 1116 3571 coactis
1140 3481 1420 3604 effugiantur,
1444 3510 1650 3605 quantum
1665 3482 1752 3571 fieri

474 3598 554 3700 sit,
576 3598 768 3716 sinempe
791 3599 874 3686 sint
886 3600 1118 3715 ejusmodi,
1148 3628 1196 3688 ut
1223 3606 1421 3690 hodierna
1451 3634 1617 3723 pronun
1642 3606 1652 3625 ⁰
1684 3601 1742 3693 tio
1759 3510 1868 3687 ditis

475 3718 814 3834 syllabassemper
839 3716 1105 3835 proferat,ut
1123 3721 1165 3803 in
1189 3724 1360 3830 deinde,
1393 3724 1551 3811 suavis:
1580 3749 1629 3812 ve
1667 3718 1701 3805 si
1717 3716 1868 3807 admit·

478 3862 654 3942 tuntur,
687 3866 772 3924 non
805 3835 876 3923 fiat
904 3835 1158 3945 synaeresis,
1189 3865 1238 3928 ut
1264 3867 1574 3957 nonnunquam
1604 3843 1657 3930 ab
1683 3835 1874 3952 antiquie

475 3960 735 4050 observatum
752 3954 863 4045 estin
878 3954 1037 4059 suavis,
1060 3970 1197 4043 ruerus
1217 4019 1228 4041 .
1251 3960 1536 4047 &bernardus
1552 4024 1566 4062 ,
1580 3960 1654 4077 qui
1672 3957 1788 4044 metri
1805 3956 1867 4044 le·

474 4106 545 4212 ges
573 4077 822 4195 negligebat,
839 4106 887 4163 ut
901 4078 1043 4163 cantui
1059 4078 1328 4197 prospiceret,
1343 4078 1435 4170 lecit
1460 4080 1707 4193 trisyllabum
1727 4075 1864 4164 thevit

478 4223 524 4276 rn
554 4194 710 4297 hymno
737 4200 777 4285 S.
793 4197 1016 4283 Malachiae
1032 4197 1136 4313 (r),
1166 4198 1304 4286 nobilis
1331 4197 1368 4283 si
1396 4202 1458 4287 trit
1473 4264 1489 4303 ,
1520 4201 1690 4289 moribus
1704 4195 1834 4286 navis
1850 4255 1879 4288 ..
1989 4250 1992 4257 ·

480 4313 533 4397 Et
547 4311 743 4400 Urbanus
757 4317 866 4401 Vlll.
884 4313 1061 4405 similiter
1076 4321 1121 4406 in
1136 4319 1293 4429 hymno
1321 4319 1362 4406 S.
1412 4320 1591 4425 etesiae,
1616 4322 1697 4408 Sed
1717 4347 1756 4406 re
1777 4344 1869 4403 ma·

431 4447 436 4456 ’
476 4456 550 4520 net
563 4430 828 4549 suavium).
1485 4439 1580 4526 Aa
1851 4471 1854 4478 ’

529 4654 585 4738 (1)
613 4650 715 4736 Apud
731 4649 934 4725 Martenium
952 4669 1035 4724 torn.
1041 4674 1073 4741 3.
1088 4676 1143 4724 re·
1200 4654 1410 4735 cerdotum,
1440 4649 1686 4743 praetermissis
1715 4647 1754 4721 iit
1771 4648 1883 4722 roci.

482 4754 547 4820 let.
593 4745 712 4836 script.
751 4767 788 4821 et
825 4769 1036 4823 monument.
1083 4775 1141 4823 eo-
1200 4750 1290 4833 bus,
1318 4750 1490 4844 inquibus
1507 4748 1743 4840 corripiuntur
1761 4769 1884 4819 vocat·

482 4837 589 4930 llmfl·
602 4866 710 4938 745..
1200 4844 1271 4926 les,
1297 4871 1385 4938 quae
1397 4869 1555 4919 sermone
1567 4845 1714 4940 pedestri
1728 4864 1864 4930 semper

525 4946 578 5032 (a)
606 4940 765 5017 Putarem
794 4945 923 5025 etiem,
954 4968 1138 5017 occurren·
1198 4948 1464 5035 producuntur.
1496 4946 1635 5042 Quotus
1662 4945 1752 5017 eninr
1770 4939 1863 5035 quie·

476 5035 562 5138 «lupi
578 5061 649 5138 esre
673 5040 884 5138 ignorantiae
898 5043 1052 5141 plurium
1074 5044 1136 5129 aa·
1196 5066 1266 5139 que
1278 5061 1329 5118 ert
1345 5044 1405 5141 qui
1418 5067 1485 5121 noa
1500 5045 1699 5144 producett’
1711 5043 1745 5115 in
1758 5035 1883 5109 enin·
