5084 6234
828 810 1476 913 ectceestnsstcts
1778 840 1837 930 95

457 971 508 1046 et'
527 957 575 1041 ll.
593 952 832 1052 constituit,
868 981 915 1044 ut
945 957 1207 1045 Subdiaconus
1238 991 1359 1047 annm
1395 961 1460 1044 18.
1477 953 1611 1039 haheat
1641 965 1656 1052 ‚'
1688 952 1838 1041 Diaco-

456 1109 530 1162 πω
550 1104 574 1161 2
579 1104 643 1186 5.‚
685 1073 877 1188 Presbyter
893 1103 990 1188 30.;
1022 1104 1061 1161 et
1079 1074 1185 1191 ipsi,
1217 1079 1286 1193 qui
1299 1104 1417 1163 totum
1431 1069 1683 1194 psalterium,
1711 1075 1837 1159 conti·-

458 1211 535 1294 τα,
568 1222 605 1277 et
628 1195 786 1307 hymnos
888 1189 1052 1307 perfecte
1076 1194 1200 1279 rcionr
1220 1258 1231 1278 .
1248 1257 1277 1296 ‚,
1316 1200 1518 1282 Praeterea
1548 1187 1591 1271 in
1609 1189 1745 1276 codice
1761 1220 1840 1278 ve·

458 1336 591 1399 tetum
606 1337 818 1396 canonum
833 1310 1028 1396 Ecclesiae
1044 1310 1250 1427 Hispanae
1266 1342 1317 1398 ex
1334 1313 1513 1427 genuina
1528 1308 1812 1396 Consiliorum
1821 1373 1838 1415 ,

457 1452 498 1516 et
534 1424 805 1512 Decretaliutn
838 1425 1106 1540 Epistolarum
1152 1431 1418 1531 collectione,
1454 1458 1577 1543 quent
1603 1429 1643 1511 S.
1684 1427 1838 1515 lsidoro

460 1543 653 1630 Cennius
684 1542 918 1656 adjudicat,
955 1545 997 1629 hi
1031 1546 1118 1630 duo
1148 1578 1328 1636 canones
1360 1550 1563 1636 habentur
1591 1542 1665 1659 (1)
1690 1581 1700 1629 :
1724 1609 1751 1647 ,‚
1780 1549 1838 1634 Ut

456 1722 490 1763 „
520 1684 612 1776 post
629 1659 872 1776 antiphonas
888 1668 1092 1750 otatIones
1123 1666 1344 1753 dicantur:
1372 1695 1516 1751 verum
1531 1688 1571 1752 et
1584 1662 1719 1779 hymni
1736 1667 1838 1749 Mo-

456 1839 486 1881 „
516 1778 632 1863 turini
646 1838 659 1875 ‚
684 1806 719 1860 et
756 1779 956 1894 vespertini
987 1810 1080 1867 curn
1107 1783 1295 1898 capitellis
1319 1786 1562 1900 psalmorum
1586 1807 1833 1868 cantentur}

458 1959 488 1998 „
520 1893 680 1980 Concilii
703 1896 982 2013 Agathensait.
994 1928 1062 2012 30.
1086 1931 1110 1985 a
1135 1930 1222 2014 cap.
1236 1931 1305 2014 30.
1322 1905 1383 1986 De
1403 1930 1487 1987 non
1506 1898 1718 1985 renuendo
1737 1926 1836 2013 pro«

457 2074 488 2117 ‚,
517 2012 711 2097 nunciare
726 2016 909 2129 hymnos.
926 2016 1310 2133 Concil.Tolet.4.tir.
1326 2050 1425 2137 ¹3⁴²
1443 2047 1634 2133 cap.47.„
1654 2077 1665 2099 .
1681 2017 1761 2100 Sed
1783 2014 1832 2101 de

460 2135 719 2244 Hymnorum
739 2132 781 2213 in
797 2130 1002 2246 Hispaniis
1018 2134 1255 2249 antiquitate
1274 2140 1468 2224 hactenus
1478 2137 1587 2222 dicta
1602 2134 1834 2235 sufficiant,

457 2249 577 2335 Plura
596 2246 737 2334 eodem
749 2249 968 2363 spectantia
993 2282 1089 2336 mox
1103 2252 1392 2366 proferentur,
1424 2284 1520 2340 cum
1537 2250 1725 2339 nonnulli
1742 2250 1838 2335 latia

454 2367 503 2451 ni
520 2390 707 2452 auctores
739 2367 1038 2484 hymnographi
1058 2368 1381 2456 indicabuntur.

1017 2599 1057 2720 t.
1111 2607 1286 2693 xxti.

796 2838 1037 2955 hymnorum
1054 2868 1224 2929 auuorcr
1245 2842 1470 2938 orientales.

462 3082 561 3163 ue.
577 3013 653 3167 Et
668 3078 847 3194 primum
869 3079 1034 3192 quidem
1061 3081 1111 3166 dc
1139 3080 1434 3183 orientalibus,
1464 3078 1537 3195 qui
1567 3074 1838 3166 ecclesiasticis
1914 3073 1916 3076 ’

458 3199 712 3287 carminibus
748 3226 911 3397 operam
944 3197 1190 3298 dederunt,
1229 3200 1400 3288 breviter
1433 3196 1718 3285 disserendum.
1743 3218 1804 3280 est
1822 3228 1844 3279 .·

459 3310 526 3396 De
544 3314 748 3402 Clemente
802 3314 1044 3401 lexandrino
1061 3379 1077 3418 ,
1096 3319 1148 3403 de
1166 3321 1323 3434 Nepote
1339 3319 1399 3403 Ae
1455 3317 1588 3433 ptiaco
1604 3313 1804 3429 Episcopo
1819 3355 1841 3413 ,·

456 3431 509 3514 de
532 3430 802 3548 Athenogene
823 3435 1005 3544 Martyre
1015 3495 1034 3536 ,
1068 3434 1116 3519 de
1141 3440 1181 3521 S.
1199 3438 1375 3557 Ephrem
1415 3463 1493 3549 yro
1509 3434 1686 3517 diacono
1702 3456 1840 3513 sermo·

460 3549 624 3638 habitus
655 3579 715 3639 est
742 3545 1009 3664 §X.,X1.,
1046 3578 1086 3637 et
1108 3556 1227 3639 ΧΠ..
1257 3555 1400 3668 lmpias
1434 3550 1545 3636 Pauli
1578 3543 1832 3633 Samosateni

456 3668 697 3772 cantiones,
724 3670 938 3756 damnatos
955 3672 1194 3770 Valentini,
1228 3697 1266 3756 et
1297 3670 1477 3754 Hieracis
1504 3668 1706 3782 psalmos,
1739 3661 1839 3745 Arii·

458 3784 620 3872 thaliam
637 3850 651 3888 ,
687 3812 726 3873 et
744 3787 905 3871 sotadea
923 3790 1102 3873 ‘carmina
1120 3854 1136 3891 ,
1165 3787 1338 3904 plebejos
1356 3850 1368 3887 ,
1398 3816 1446 3871 ac
1463 3784 1650 3904 vulgares
1671 3778 1841 3894 Apolli-1

457 3902 559 3987 narii
576 3931 717 3993 versus
737 3903 838 3987 nihil
870 3903 1014 3993 attinet
1044 3907 1121 3992 hoc
1150 3907 1241 3990 loco
1258 3932 1569 3991 commemorare
1586 3933 1602 4001 3
1635 3897 1720 3985 etsi
1739 3925 1829 3982 tna·

453 4017 562 4102 ‘xime
578 4021 790 4123 attineret,
822 4021 864 4104 in
895 4016 955 4137 §h
974 4053 1140 4136 quoque
1150 4024 1428 4139 superioribus
1443 4021 1596 4105 dictum
1611 4043 1674 4103 est
1689 4018 1842 4102 abun--

456 4134 539 4216 de·
566 4138 694 4253 Apud
714 4137 1020 4227 continuatores
1047 4142 1230 4229 Bollandi
1254 4142 1329 4256 (2)
1346 4141 1498 4257 sculpta
1523 4161 1588 4223 est
1601 4134 1736 4225 tabula
1758 4162 1850 4248 ape.

457 4255 798 4373 Hymnographos
834 4257 1011 4347 Graecos
1036 4285 1332 4377 repraesentans
1377 4290 1475 4345 cum
1522 4258 1601 4341 hoc
1644 4254 1827 4340 lemmate

452 4369 887 4485 Hymnorttm‘modulos
907 4376 951 4459 ti
966 4407 1202 4494 composuere
1235 4408 1457 4464 sacrorum.
1489 4372 1697 4488 Praecipui
1730 4389 1839 4455 sunt·

455 4487 690 4575 Germanus
700 4490 929 4578 l'atriarcha
947 4493 1431 4610 Constantinopolitanus
1445 4500 1525 4584 sub
1539 4500 1672 4577 Leone
1684 4488 1838 4571 Arme--

452 4630 543 4713 nos,
572 4609 831 4723 Sophronius
850 4611 1080 4697 Pattiarcha
1098 4612 1488 4721 Hierosolymitanus
1503 4608 1638 4694 seculo
1656 4604 1696 4684 8.
1711 4665 1724 4705 ,
1741 4606 1828 4687 Phi·

448 4720 612 4812 lotheus
627 4727 860 4814 Patriarcha
883 4725 1362 4850 Constantinopolitanus
1375 4728 1511 4814 seculo
1533 4752 1625 4838 14,
1641 4719 1831 4807 Andreas

475 4931 639 5057 (0514.
653 4940 773 5060 tit-'14
798 4974 855 5058 (a)
866 4964 948 5036 Ta.
960 4956 1056 5047 Junii
1070 4964 1218 5037 Dissert,
1234 4964 1278 5042 ad
1289 4961 1510 5044 Acolothiam
1526 4960 1629 5067 offitii
1641 4911 1787 5033 oracul
