5084 6234
945 784 1600 882 Eccussstnsrlcls
1870 821 1955 917 rap

478 1005 482 1026 ᾗ
572 931 675 1042 hona
693 929 737 1019 in
761 928 1006 1019 Bibliotheca
1024 930 1247 1033 Lusitana3
1280 963 1385 1046 quos
1414 965 1488 1053 ego
1511 935 1554 1021 in
1573 930 1716 1026 officiis
1738 935 1953 1031 Eborenris

573 1053 755 1148 ecclcsiae
772 1079 858 1136 non
878 1049 1017 1140 inveni
1032 1111 1046 1152 ,
1062 1050 1106 1135 in
1129 1050 1269 1137 officiis
1285 1052 1389 1138 Ord.
1407 1055 1585 1142 Praedic.
1606 1054 1717 1146 vidi.

1118 1280 1389 1406 cxxvi

579 1453 583 1568 ]
652 1468 791 1558 Novae
807 1493 956 1553 curnee
974 1462 1144 1551 Summis
1156 1466 1403 1584 Pontificibus
1415 1464 1608 1558 adhibitae
1623 1467 1664 1553 in
1678 1469 1864 1559 breviario

746 1583 966 1702 corrigendo
980 1644 995 1685 ‚
1009 1612 1058 1669 uc
1064 1586 1268 1704 praecipue
1286 1586 1327 1671 in
1343 1588 1493 1706 hymnis
1505 1589 1769 1677 emendandis.

575 1793 596 1849 1
633 1796 672 1881 3.
694 1713 789 1856 Sed
808 1783 856 1848 ut
874 1759 1035 1849 varium
1052 1788 1109 1850 est
1125 1764 1341 1851 hominum
1363 1764 1599 1883 ingenium,
1633 1796 1680 1854 ac
1697 1767 1853 1857 diversa
1867 1791 1958 1856 atu*

563 1878 875 1992 ,deorumrarim
900 1880 1108 1969 Pontifices
1126 1882 1301 1972 Medicei
1319 1885 1400 1971 [ιο
1416 1887 1472 1970 Χ.
1489 1946 1504 1987 ,
1520 1910 1561 1973 et
1584 1884 1873 2089 {lemenaVlL
1889 1885 1960 2005 (n)

620 2152 675 2238 (a)
700 2144 784 2216 Nun
796 2139 909 2211 defuit
925 2138 1027 2213 etiam
1043 2140 1150 2213 Paulo
1168 2145 1232 2214 lll.
1294 2159 1384 2213 tanta
1401 2141 1610 2236 negligentia
1625 2142 1738 2236 legum
1756 2144 1961 2234 prosodiaea

572 2248 741 2325 aedente,
769 2238 827 2331 qui
856 2237 1002 2331 hymnos
1019 2240 1233 2313 adrumetus
1293 2259 1327 2311 et
1355 2239 1595 2333 grammaticae
1628 2262 1752 2332 ,quae
1785 2238 1959 2316 laterclum

578 2340 734 2436 redigere
745 2338 940 2417 etuduerit,
956 2336 1065 2407 eidem
1096 2361 1231 2413 nummo
1293 2338 1523 2421 observatur,
1545 2335 1657 2407 valeat
1682 2338 1891 2408 cohaerere.
1909 2339 1963 2430 1n7

574 2433 734 2510 Pontifici
748 2434 950 2505 dedicandos
966 2482 976 2503 .
1004 2435 1159 2508 Veronae
1174 2460 1231 2508 an·
1292 2452 1345 2505 ter
1357 2433 1506 2505 carmina
1516 2432 1628 2507 Caelii
1639 2431 1839 2526 Calcagnini
1853 2434 1960 2510 Libd.

575 2556 623 2608 uo
639 2538 745 2628 1762.
763 2529 962 2625 prodierunt
976 2529 1070 2603 Libri
1086 2551 1233 2629 quatuor
1293 2531 1421 2628 legitur
1447 2531 1666 2622 Epigramma
1687 2532 1719 2603 in
1745 2531 1963 2607 commendas·

514 2707 520 2716 ,
575 2633 811 2723 Numerarem
829 2630 974 2719 Nitriai
994 2631 1127 2702 comitis
1157 2643 1231 2704 Ar·
1290 2629 1419 2704 tionem
1447 2632 1654 2725 hymnorum
1670 2627 1958 2727 Rhoseti,quem

573 2730 669 2820 eirii3
699 2729 731 2801 in
763 2749 910 2822 quorum
937 2728 1144 2820 praefatione
1179 2732 1231 2803 in·
1289 2749 1376 2825 puto
1414 2751 1486 2822 erre
1522 2727 1741 2800 Francircum
1788 2727 1962 2816 Rhoseti.

573 2826 847 2906 aerunturverba
863 2826 1020 2917 Stephani
1043 2828 1163 2900 Laurei
1185 2853 1230 2902 ex
1289 2832 1389 2911 cuiue
1417 2850 1483 2899 non
1510 2827 1653 2922 quidem
1688 2828 1836 2922 hyntnor
1858 2873 1874 2910 ‚
1899 2826 1962 2902 sed

576 2925 720 3021 epistola
738 2928 982 3015 nuncupatoria
1012 2927 1141 3019 primae
1159 2926 1231 2999 edi·
1292 2927 1455 3020 quaedam
1485 2922 1548 2996 alia
1588 2943 1744 3017 poemata
1773 2924 1864 3018 typis
1897 2925 1962 2997 im·

577 3025 678 3100 tionis
718 3044 861 3114 operum
891 3022 1028 3094 Nicolai
1068 3025 1228 3098 Mantuae
1292 3047 1404 3116 pressa
1432 3022 1536 3093 vidi.
1564 3020 1805 3097 Tirabosehius
1831 3021 1963 3096 Histoe.

578 3143 685 3217 ¹547·
699 3170 710 3192 .
724 3118 912 3190 Pullieetur
926 3119 1099 3201 Laurens,
1114 3146 1149 3193 ee
1163 3122 1228 3194 alia
1291 3124 1359 3191 eir.
1374 3119 1577 3190 Seculei.
1593 3117 1666 3189 rib.
1672 3140 1704 3209 3.
1720 3134 1793 3217 rap.
1811 3146 1848 3218 4.
1861 3122 1962 3214 ΜΒ.

574 3217 715 3294 Nicolai
728 3232 881 3309 poemata
896 3218 1092 3300 editurum,
1112 3220 1146 3290 in
1161 3221 1230 3318 qni·
1291 3218 1463 3291 Laurentii
1482 3216 1642 3289 Frizzolii
1668 3220 1816 3314 hymnos
1842 3221 1959 3292 eaeroe'

578 3314 666 3398 bur,
695 3313 830 3407 inquit,
861 3318 895 3387 in
921 3318 1042 3412 primis
1069 3331 1146 3388 runt
1172 3324 1231 3413 hy·
1294 3313 1460 3411 peculiari
1488 3312 1587 3388 laude
1613 3317 1735 3408 dignm
1758 3316 1959 3412 praedicar,

578 3414 729 3499 aelian
743 3412 865 3493 latini,
898 3429 933 3486 et
960 3417 997 3489 in
1020 3438 1098 3490 suns
1112 3439 1231 3493 nurne-
1291 3414 1351 3508 qui
1369 3413 1471 3506 paulo
1486 3434 1563 3487 ante
1577 3419 1735 3503 uum.36.
1747 3414 1856 3507 magis
1882 3414 1963 3498 edi<

575 3533 629 3586 ens
656 3512 807 3590 redacti,
834 3507 954 3604 quibus
981 3513 1126 3583 Ecclesia
1148 3514 1227 3586 mul·
1293 3511 1422 3591 tionis,
1453 3538 1553 3605 quam
1586 3516 1791 3604 hymnorum
1811 3509 1961 3584 Ferrerii

576 3623 626 3682 tes
642 3632 744 3682 maus
758 3610 999 3706 incompositis,
1011 3634 1051 3682 ac
1062 3612 1145 3703 stylo
1158 3610 1231 3698 fere
1292 3612 1493 3705 elegantiam
1533 3609 1723 3680 admiratur
1748 3655 1760 3677 .
1791 3610 1846 3679 Ad
1878 3606 1960 3680 Phi·

578 3704 721 3792 barbare
737 3709 871 3778 aritae.
900 3710 940 3779 Et
956 3708 988 3778 in
1013 3710 1133 3780 codice
1149 3733 1229 3797 ope·
1300 3707 1429 3802 lippum
1448 3705 1653 3778 Archintum
1679 3724 1760 3777 tunc
1787 3704 1959 3777 Salutien·

580 3827 655 3880 rum
683 3805 805 3887 Archii
835 3804 995 3899 legitur.
1026 3816 1233 3899 Hymnorum
1293 3829 1362 3877 sem
1381 3803 1616 3897 Episcopum,
1643 3821 1677 3873 et
1695 3801 1797 3874 Urbis
1824 3801 1958 3881 Romae

578 3903 682 3976 tihi.
723 3907 767 3976 etl
796 3910 905 3978 sanet.
947 3904 1092 3976 Paulum
1132 3913 1233 3977 Pom.
1294 3902 1467 3974 Virarium
1513 3901 1755 3994 Apostolicum
1809 3900 1959 3987 loannes

577 4009 704 4091 atax„
720 4026 758 4076 ac
785 4027 928 4086 mesor,
959 4003 1085 4097 Hymni
1109 4004 1229 4075 ineam·
1293 3999 1586 4073 PetrurFerretue
1602 4000 1778 4071 Ravennae
1808 3996 1959 4072 lavelli-

579 4100 708 4200 puaiei‚
735 4121 817 4196 ques
828 4105 1019 4173 Sacerdotes
1034 4103 1140 4172 nostri
1154 4126 1231 4174 ran·
1292 4100 1377 4171 narie
1394 4099 1562 4170 eccleciae
1580 4097 1731 4169 Antiates
1756 4096 1962 4170 Correctio·

583 4210 682 4278 tear,
717 4201 842 4272 redacti
867 4202 911 4271 ad
936 4222 1089 4271 numeros
1118 4199 1227 4271 latior.
1294 4221 1369 4268 nem
1399 4196 1583 4292 Hymnarti
1598 4194 1744 4269 Romani
1773 4195 1960 4270 minitare

583 4294 623 4370 in
636 4293 788 4366 editione
804 4300 990 4372 Veronensi
1012 4296 1230 4390 quantumvis
1294 4294 1499 4367 elaboratam
1526 4342 1538 4378 ‚
1566 4294 1600 4366 in
1636 4297 1733 4377 cuiue
1751 4311 1959 4386 nuncupato.

581 4410 681 4465 aucta
711 4395 810 4483 pauci
840 4395 956 4488 hymni
972 4414 1161 4487 apparent,
1189 4398 1231 4467 ael
1291 4394 1340 4465 ria
1355 4393 1499 4485 epistola
1515 4391 1660 4473 asserit,
1684 4416 1722 4463 ee
1750 4395 1793 4464 ab
1806 4390 1960 4462 Archin-

581 4509 743 4564 numeros
773 4492 909 4584 quidem
943 4491 1051 4573 latios,
1070 4496 1130 4566 sed
1163 4516 1230 4565 non
1294 4508 1331 4563 to
1359 4492 1453 4563 adid
1473 4515 1561 4583 opus
1591 4490 1803 4581 impulsum.
1832 4489 1960 4565 Codex

582 4585 832 4674 ecclesiasticos
864 4636 876 4674 ,
920 4592 1033 4663 denno
1061 4590 1191 4692 conditi
1219 4638 1231 4663 .
1296 4591 1365 4666 Mc.
1396 4592 1626 4683 autographus
1657 4589 1765 4669 iustae
1791 4581 1892 4655 molle
1923 4585 1960 4659 iu

584 4688 705 4779 'Aegre
736 4686 930 4785 intelligere
960 4712 1095 4782 possum
1127 4695 1236 4785 ,qho
1301 4680 1959 4763 lohaeeervaturinBibliothMetliol·

591 4798 971 4875 paetutantaeenuetat
996 4781 1240 4880 sermonisjhe
1300 4785 1489 4874 Archimea
1519 4829 1530 4854 .
1558 4780 1646 4852 Vide
1662 4778 1800 4852 utbttor.
1827 4783 1959 4853 Medio·

590 4880 750 4952 earminie
761 4883 952 4956 Catulliani
981 4882 1241 4976 inpoematibm
1299 4880 1548 4974 len..Argelati
1575 4879 1846 4978 inappertlr'ee.
1872 4877 1956 4949 Phi·

591 4976 715 5053 Arehii
756 4979 964 5081 plerumque
996 4982 1134 5057 elucem
1160 5004 1244 5058 rum
1298 4978 1414 5076 lippua
1432 4978 1621 5055 Archimue
1638 4982 1848 5078 anuo1546.
1865 4996 1959 5063 crea·
