5084 6234
672 791 767 907 ³48
1093 786 1694 881 obarmatis*
2033 903 2035 910 Ι

673 919 914 1054 eecipiantur
928 928 1059 1046 hymni
1074 930 1315 1035 ,orationes,
1334 965 1527 1037 conones,
1554 957 1594 1023 et
1626 931 1802 1022 lectiones
1824 937 2059 1040 'nonnullus'

638 1053 847 1171 „singulae
860 1048 975 1159 officii
986 1076 1118 1164 portes
1147 1052 1371 1168 escripturo
1387 1083 1505 1140 sacro
1526 1059 1902 1174 depromerentur...
1934 1056 2057 1141 lmmo

673 1173 865 1269 veteribus
879 1166 1027 1285 hymnis
1041 1169 1145 1256 locus
1162 1171 1275 1256 datus
1290 1197 1367 1273 est,
1381 1173 1602 1287 nisiquilus
1614 1177 1660 1260 oo
1674 1173 1938 1260 sententiarum
1949 1173 2030 1268 vim
2040 1233 2056 1275 ,

671 1288 901 1409 elegantiam
918 1288 1137 1390 verborum,
1152 1315 1190 1373 et
1202 1291 1401 1377 teneriores
1409 1290 1564 1407 pietatis
1579 1322 1714 1381 sensus
1728 1317 1890 1379 recentes
1903 1285 2057 1409 antepo·

670 1407 715 1493 ni
731 1404 987 1506 sotiusvisum
1004 1430 1089 1492 est.
1123 1410 1289 1494 Veteres
1304 1408 1449 1522 hymni
1467 1409 1520 1494 ita
1557 1440 1579 1493 a
1597 1410 1897 1517 Parisiensibus
1916 1407 2055 1501 retenti

668 1553 799 1628 sunt,
830 1552 877 1611 ut
895 1523 939 1607 in
953 1523 1206 1638 'quibusdam
1226 1556 1358 1641 neque
1374 1532 1561 1613 Romana
1577 1524 1771 1615 correctio
1786 1527 1836 1614 sit
1851 1527 2055 1630 adhibita,

670 1645 796 1735 veluti
830 1646 874 1729 in
891 1643 1055 1757 hymnis
1083 1642 1350 1733 dedicationis
1382 1646 1609 1748 Ecclesiae3
1642 1644 1685 1731 in
1717 1646 1802 1733 aliis
1818 1645 1936 1761 plura
1976 1644 2054 1764 alite

669 1765 752 1855 tint
768 1787 974 1870 correcta,
1000 1789 1109 1877 quae
1138 1762 1180 1847 in
1214 1765 1377 1879 hymnis
1402 1766 1596 1852 Romanis
1616 1789 1896 1882 perseverant;
1928 1790 1977 1850 ut
2011 1762 2056 1849 in

530 1916 534 1925 ·
666 1885 827 1998 hymno
843 1885 911 1970 SS.
924 1881 1210 1967 lnnocentium
1227 1881 1395 1970 recitant
1410 1885 1645 1972 parisienses
1663 1885 1834 2000 primam
1847 1884 2055 1996 stropham

556 2050 559 2055 1
666 2003 744 2090 hoc
758 2007 874 2121 pacto
884 2000 1051 2085 :Soluete
1059 1997 1480 2119 floresMnrtyrum·ln
1496 2000 1590 2088 lucis
1602 2004 1687 2119 ipso
1700 2000 1963 2132 limina-Quos
1977 2030 2058 2135 sne·

533 2211 540 2231 ,
658 2150 738 2208 ¹trees
766 2120 868 2206 ensis
881 2117 1039 2204 messuit
1047 2118 1162 2217 ,·Ceu
1189 2119 1299 2203 turbo
1318 2149 1514 2205 noscentes
1543 2151 1680 2208 rosas.
1713 2121 1912 2234 Quamvis
1945 2149 2057 2204 emm

666 2227 916 2326 Prudentius
928 2235 1124 2353 scripserit
1147 2236 1259 2321 hanc
1280 2240 1516 2354 stropham,
1542 2240 1673 2350 qualis
1696 2238 1737 2322 in
1759 2244 1946 2326 Romano
1968 2240 2059 2325 bre·

658 2357 797 2449 viarm
825 2357 998 2474 legitur,
1018 2381 1202 2465 recteque
1232 2358 1611 2480 procedantomnea
1635 2358 1739 2442 illius
1754 2385 2055 2473 versus,-prae-

665 2502 744 2564 stat
761 2474 1026 2563 nihilominus
1059 2473 1112 2557 ad
1127 2474 1356 2560 suaviorem
1382 2502 1628 2564 concentum
1655 2476 1837 2563 elisiones
1853 2474 2053 2579 secundi,

632 2702 634 2706 ,
665 2622 705 2683 et
723 2596 826 2682 tertii
841 2621 981 2683 versus
1002 2588 1197 2707 effugere.
1445 2688 1448 2693 ,

653 2706 671 2714 ”
730 2744 826 2827 173·
857 2708 1118 2823 Hymnorum
1137 2712 1358 2797 recentium
1378 2716 1562 2806 breviarii
1594 2714 1763 2802 Parisini
1798 2709 1977 2829 plurium
1997 2738 2055 2802 est

667 2832 817 2919 auctor
828 2825 1034 2916 Santolius
1049 2828 1289 2918 Victorinus
1304 2831 1506 2921 indicatus
1523 2833 1658 2920 litteris
1673 2835 1714 2916 S.
1734 2836 1787 2915 V.
1805 2896 1818 2931 ,
1839 2830 2055 2920 nonnullo·

667 2981 760 3039 rum
776 2950 994 3063 Guyetus,
1015 2946 1137 3033 trium
1172 2947 1216 3031 in
1252 2949 1316 3034 die
1337 2953 1377 3035 S.
1397 2949 1863 3043 Genovefae‘Petavius.
1901 2946 2057 3038 Ceteris

627 3095 976 3189 ,praeponuntur
1003 3065 1151 3152 litterae
1172 3065 1369 3156 Auctores
1389 3069 1688 3186 significantes,
1720 3070 1765 3155 C.
1785 3067 1947 3167 multis,
1968 3067 2056 3153 aliis

622 3188 624 3192 ’
657 3192 713 3277 Β.
730 3210 767 3272 et
784 3189 828 3273 C.
846 3250 859 3286 ,
876 3189 933 3268 N.
954 3192 1001 3271 T.
1018 3246 1030 3283 ,
1047 3185 1094 3269 G.
1115 3188 1192 3300 Ep.
1212 3190 1279 3287 S.,
1296 3191 1344 3273 Β.
1363 3192 1433 3288 ,S.
1452 3197 1547 3292 M.,
1567 3189 1639 3303 qui
1654 3212 1712 3272 est
1736 3187 1855 3274 frater
1876 3186 2057 3275 Victori-

663 3306 737 3407 ni,
765 3310 820 3391 H.
839 3308 916 3420 Ep.
938 3308 1035 3395 Vob.
1055 3361 1066 3383 .
1086 3305 1290 3419 Scripsisse
1309 3307 1429 3391 etiam
1446 3311 1622 3423 hymnos
1640 3307 1682 3389 in
1698 3308 1866 3422 Sanctos
1884 3304 2053 3391 Ordinis

663 3428 707 3514 8.
723 3423 928 3512 Benedicti
960 3426 1178 3538 Hugonem
1204 3421 1466 3511 Guilielmum
1490 3427 1645 3513 Villant
1665 3427 1913 3509 monachum
1931 3424 2052 3508 Con-

662 3542 905 3663 gregationis
921 3544 962 3626 S.
978 3540 1118 3626 Mauri
1145 3541 1359 3629 memoriae
1374 3545 1558 3662 prodidit
1577 3546 1621 3627 P.
1641 3543 1673 3627 le
1693 3540 1796 3627 Cers
1826 3542 1867 3625 in
1903 3541 2069 3639 biblio.-.

662 3665 778 3751 theca
797 3661 994 3749 Maurina
1013 3722 1023 3743 .
1054 3658 1259 3747 Praeterea
1292 3661 1341 3747 de
1360 3664 1497 3752 studio
1514 3661 1735 3777 antiquiori
1769 3659 1859 3747 cleri
1877 3659 2051 3745 Gallica·

642 3777 768 3866 vniin
788 3778 1049 3867 reformandis
1065 3781 1229 3890 hymnis
1245 3782 1359 3895 plura
1386 3785 1508 3873 habet
1519 3781 1703 3874 Carolus
1735 3778 1959 3893 Guyetus(
1988 3778 2009 3891 )
2033 3844 2043 3863 .

516 3925 529 3936 ·
660 3897 850 3987 affirmat
878 3925 1025 4014 quaest.
1047 3930 1083 3982 1.
1102 3963 1116 4001 ,
1133 3900 1249 4010 quod
1266 3902 1410 4012 hymni
1438 3905 1542 3988 lmud
1554 3901 1708 3988 retineri
1720 3903 1856 3984 debent
1879 3899 2049 4000 exanti-

662 4017 748 4135 quis
762 4080 777 4119 ,
793 4020 912 4102 multo
925 4018 1052 4102 minus
1066 4017 1156 4101 noui
1170 4017 1236 4102 ulli
1252 4021 1427 4121 admitti,
1453 4021 1527 4106 nisi
1536 4018 1715 4135 probati,
1734 4045 1847 4131 eoque
1863 4020 1961 4133 stylo
1980 4082 1993 4120 ,
2008 4045 2047 4104 et

660 4160 741 4223 erte
755 4136 924 4237 conditi,
951 4135 1012 4218 vel
1026 4134 1186 4220 restituti
1203 4199 1215 4234 ,
1230 4138 1364 4251 quibus
1394 4169 1606 4255 nonrugns
1622 4196 1645 4238 ,-
1665 4163 1735 4221 out
1764 4138 1936 4224 merculns
1950 4201 1964 4239 ,
1979 4137 2046 4244 sed

652 4255 783 4375 ⁸tnagis
798 4283 974 4340 ornatum
994 4280 1059 4352 ,er
1074 4255 1240 4337 decorem
1257 4258 1396 4344 divinis
1426 4256 1543 4366 officis
1559 4256 1729 4372 ufficone
1748 4316 1759 4338 .

665 4439 676 4472 .
703 4451 707 4457 .
728 4400 824 4491 174.
839 4419 842 4426 ·
855 4373 1016 4483 Quaen.
1037 4400 1077 4455 2.
1109 4368 1246 4458 laudat
1262 4438 1276 4475 ,
1294 4400 1512 4489 tueturque
1538 4375 1826 4464 correctionem
1841 4374 2048 4476 Urbania·

654 4523 759 4595 ,nam
775 4558 790 4595 ,
809 4493 981 4578 referens
998 4486 1331 4577 Aurelianensem
1347 4491 1549 4582 ecclesiam
1565 4493 1609 4578 in
1639 4519 1836 4613 postrema
1862 4488 2044 4580 breviarii

600 4722 601 4725 y
659 4607 725 4698 sui
740 4611 915 4697 editione
932 4675 945 4713 ,
963 4607 1112 4725 rejectis
1132 4610 1365 4714 veteribus,
1385 4615 1564 4724 hymnos
1585 4644 1714 4704 novos
1729 4608 1972 4724 suscepisse,
1990 4635 2046 4690 te-

660 4725 881 4849 ¹siduosq'ue
914 4728 1097 4849 proprios
1129 4727 1440 4822 instauravisse·
1474 4733 1639 4843 Quaest.
1660 4766 1701 4849 3.
1732 4748 2046 4834 commemorat,

663 4971 678 5052 2
709 4986 765 5090 (ι)
790 4977 1137 5079 Heortolog.sivede
1155 4987 1250 5062 festis
1264 4929 1417 5086 propriis
1436 4930 1535 5083 libe}
1549 4956 1660 5083 capo·
1683 4945 1685 4949 Ι
