5084 6234
942 795 1584 892 ncesssrnsrtcrs
1895 809 1956 920 sp

584 998 588 1005 -
637 974 705 1060 ῃ.
738 943 895 1026 Verum
913 940 1086 1025 alternae
1103 937 1390 1025 modulationis
1417 941 1460 1024 in
1495 938 1658 1053 hymnis
1683 940 1950 1036 concinendis

575 1094 695 1150 usum
712 1059 879 1146 Arianis
892 1082 1107 1173 acceptum
1125 1087 1211 1142 non
1227 1086 1307 1143 esse
1322 1056 1608 1161 referendum,
1643 1060 1852 1174 multoque
1870 1092 1951 1147 an-

573 1181 791 1296 tiquiorem
820 1205 901 1261 esse
929 1179 970 1262 S.
997 1175 1276 1289 Chrysostomi
1309 1178 1556 1293 temporibus
1583 1178 1830 1265 manifestius
1860 1208 1949 1285 est,

574 1330 703 1413 quam
718 1320 767 1381 ut
787 1293 847 1380 his
862 1293 1146 1381 confirmandis
1176 1293 1379 1379 immorari
1396 1323 1607 1411 oporteat.
1639 1295 1895 1413 Proindeque
1915 1300 1957 1385 si.

576 1418 689 1503 aliter
706 1414 913 1503 commode
947 1413 1168 1528 Nicephori
1193 1413 1307 1499 locus
1335 1414 1524 1530 explicari
1552 1443 1755 1528 nequeat,
1785 1422 1950 1535 postha-

574 1535 714 1623 benda
725 1558 785 1619 est
799 1531 883 1644 ejus
899 1533 1145 1633 auctoritas,
1161 1561 1211 1616 ne
1225 1532 1425 1619 contraria
1444 1535 1772 1649 gravissimorum
1789 1538 1949 1624 restium

463 1713 469 1727 -.
570 1652 675 1737 fides
689 1652 823 1764 aliquo
846 1676 965 1763 pacto
998 1649 1185 1738 vacillet.
1209 1654 1389 1738 Socrates
1405 1651 1507 1765 (1),
1536 1681 1578 1741 et
1610 1657 1860 1765 Sozomenus
1877 1654 1951 1770 (c)

573 1767 631 1853 ita
654 1768 871 1854 Historiam
886 1770 990 1854 hanc
1006 1769 1284 1884 antiphonarii
1301 1770 1527 1857 certaminis
1543 1772 1784 1873 enunciant,
1794 1800 1842 1859 ut
1863 1802 1956 1859 non

437 1989 442 1998 ‘
575 1914 660 1972 rem
677 1886 832 2001 ipsam,
849 1885 920 1971 sed
949 1888 1116 1971 modum
1133 1888 1383 1974 Arianorum
1420 1889 1596 1975 imitatus
1614 1890 1735 1975 fuerit
1747 1894 1789 1975 S.
1808 1891 1953 2005 Chry·

575 2032 799 2098 nossemus.
826 2007 1078 2098 Sozoruenus
1094 2005 1167 2120 (3)
1198 2006 1259 2093 his
1275 2006 1406 2095 verbis
1434 2008 1616 2125 proludit
1648 2010 1902 2094 narrationi:
1922 2045 1955 2114 ,,·

574 2169 607 2228 5,
635 2120 713 2214 sed
726 2145 765 2205 et
780 2123 956 2237 populus
973 2123 1457 2240 Constantinopolitanus
1473 2124 1764 2228 maturissimae
1780 2153 1953 2214 noctur·
2058 2141 2066 2150 “

574 2306 605 2348 „
636 2240 700 2324 nis
730 2238 899 2351 hymnis
927 2242 1074 2328 exinde
1098 2244 1311 2358 promptius
1345 2244 1406 2327 uti
1440 2244 1573 2358 coepit
1618 2247 1672 2330 ob
1707 2245 1814 2331 hanc
1852 2276 1952 2331 cau-

573 2424 606 2464 „
635 2385 724 2445 sam
740 2382 817 2441 ete.
831 2416 888 2458 „·
914 2364 1014 2447 Non
1042 2388 1258 2477 propterea
1280 2361 1521 2461 inficiabor,
1550 2360 1705 2471 aliquas
1733 2361 1855 2447 fuisse
1871 2365 1952 2451 sive

578 2481 624 2565 in
642 2470 893 2579 occidentis,
916 2481 997 2569 sive
1030 2480 1073 2562 in
1091 2478 1257 2567 orientis
1273 2479 1505 2597 regionibus
1528 2478 1750 2580 Ecclesias,
1777 2509 1883 2593 quae
1900 2485 1953 2568 ab

574 2591 742 2708 hymnis
774 2593 821 2680 in
845 2597 1109 2685 ecclesiastico
1139 2597 1277 2685 officio
1305 2597 1529 2684 inserendis
1555 2596 1799 2711 aliquandiu
1825 2600 1956 2686 absti-

574 2732 774 2804 suerint.

663 3121 676 3130 Α,
758 3007 938 3097 Ecclesia
955 3013 1128 3099 Romano
1146 3018 1387 3134 Hymnorum
1404 3044 1514 3098 usum
1534 3042 1610 3099 nou
1626 3014 1774 3131 occepit
1840 3020 1842 3024 ’

1086 3162 1112 3216 a
1141 3132 1440 3219 franciscorzr's.

590 3306 665 3417 78.
685 3248 791 3397 “Ac
809 3309 987 3422 primum
1005 3308 1054 3393 de
1071 3314 1255 3397 Romana
1268 3310 1445 3396 Ecclesia
1461 3337 1615 3411 erunt,
1639 3310 1713 3419 qui
1731 3307 1950 3413 dubitent,

574 3452 631 3529 an
649 3452 743 3513 ante
757 3426 1009 3520 &Ambrosii
1027 3425 1215 3514 inductas
1227 3429 1383 3546 vigilias
1402 3431 1578 3514 alternus
1592 3429 1843 3546 psalmodiae
1859 3455 1953 3510 can·
2063 3505 2065 3509 .

536 3555 542 3562 ’
578 3567 644 3627 tus
665 3545 710 3652 in
731 3577 777 3634 ea
795 3544 1002 3659 viguerit,
1024 3546 1242 3659 itidemque
1260 3578 1314 3630 an
1333 3548 1512 3662 exemplo
1528 3550 1568 3630 S.
1586 3545 1790 3632 Ambrosii
1807 3550 1833 3641 ,f
1848 3544 1957 3634 sicut-

572 3657 656 3748 fere
673 3668 814 3750 omnes
832 3662 1028 3749 Ecclesiae
1044 3666 1299 3764 occidentis,
1326 3664 1379 3748 ita
1392 3666 1511 3749 etiarn
1541 3665 1598 3747 ad
1613 3692 1746 3747 sacros
1764 3668 1954 3769 Hymnos

578 3776 858 3869 decantandos
872 3782 1012 3867 eadem
1026 3787 1210 3867 Romana
1229 3781 1401 3868 Ecclesia
1426 3780 1550 3866 fuerit
1565 3806 1775 3896 permota.
1802 3779 1955 3865 Diffici·
2025 3854 2027 3857 ,

578 3892 1023 4017 leestdijudicare,an
1054 3902 1273 4018 psalmodia
1308 3899 1483 4007 antiqua
1509 3898 1706 3984 Ecclesiae
1740 3906 1950 3986 Romanas

582 4011 740 4105 alternis
751 4017 1103 4107 modulationibus
1129 4018 1378 4105 constiterit.
1403 4018 1561 4105 Etenim
1586 4047 1721 4129 neque
1751 4020 1856 4106 ratio
1867 4016 1953 4106 ulla

578 4130 679 4214 mihi
693 4165 886 4255 apparet,
912 4145 1177 4252 quamobrem
1193 4139 1234 4221 id
1247 4138 1461 4236 affirmem,
1488 4165 1622 4254 neque
1653 4168 1823 4239 rursus,
1842 4163 1951 4246 qua·

575 4252 758 4338 mobrem
774 4288 942 4375 negem.
971 4260 1015 4341 ln
1044 4256 1494 4344 lectionibusBreviarii
1527 4255 1701 4343 Romani
1737 4260 1786 4343 de
1800 4261 1839 4342 S.
1862 4258 1951 4338 Da-

571 4393 692 4450 maso
704 4367 844 4487 legitur
859 4437 890 4475 „
921 4377 1069 4463 Statuit
1084 4368 1109 4476 ᾖ
1120 4401 1170 4463 ut
1185 4380 1286 4492 quod
1296 4377 1467 4491 phrrr'hus
1471 4376 1562 4490 jam
1586 4372 1676 4461 Iocis
1688 4404 1773 4461 verut
1788 4377 1826 4458 in
1846 4404 1950 4469 risu,

572 4538 604 4585 s,
636 4487 780 4572 Psalmi
812 4496 1248 4608 peromnesEcclesias
1265 4496 1327 4579 die
1345 4522 1555 4603 noctuque
1585 4497 1635 4581 ab
1656 4495 1952 4577 alterniscane«
2007 4518 2009 4522 ’

572 4654 607 4704 22
633 4632 777 4695 rentur
791 4672 820 4712 „
843 4613 1063 4726 ‚idemque
1082 4614 1160 4702 fere
1177 4618 1301 4703 habet
1322 4611 1583 4697 Walalridus
1618 4609 1689 4721 (a)
1707 4643 1716 4693 ε
1736 4670 1764 4710 ,,
1789 4610 1953 4692 Dama·
2082 4681 2088 4693 .

577 4925 582 4944 ··
619 4892 677 4974 (¹)
705 4890 941 4983 Libo-caph}
1240 4898 1293 4983 (3)
1311 4870 1439 4983 Capj.
1460 4892 1493 4961 in
1516 4891 1577 4960 fine
1591 4938 1604 4956 .

633 4991 685 5078 (2)
706 4986 911 5084 Lib.8.eap.
927 4994 966 5065 8.
1154 5037 1163 5068 ,ι
1245 4996 1304 5085 (4)
1324 4992 1369 5060 de
1388 4992 1490 5060 rebus
1508 4991 1620 5060 eccles
1640 5006 1779 5080 capam

1799 5665 1804 5676 ι
1876 5169 2257 5533 Π
