5084 6234
611 823 694 942 364
1008 816 1578 907 CONVERSIO

607 960 903 1051 Conversionis
920 959 1151 1044 Gothorum
1186 960 1440 1048 Institutione
1466 960 1751 1078 amplissimum
1768 992 1890 1049 essem
1908 967 1997 1054 fru-

612 1104 726 1169 ctum
760 1083 958 1167 telaturus
979 1142 989 1161 .
1024 1077 1238 1189 Quoniam
1253 1110 1350 1215 vero
1370 1110 1499 1195 neque
1520 1082 1567 1165 de
1586 1110 1674 1165 meo
1692 1082 1992 1199 ingenioquid-

608 1232 735 1319 quam
751 1228 907 1319 sperare
928 1196 1058 1282 ausim
1076 1254 1088 1292 ,
1106 1222 1145 1283 et
1163 1197 1194 1281 is
1210 1228 1284 1311 ego
1302 1228 1405 1298 sim,
1440 1229 1621 1309 quocum
1637 1203 1833 1316 praeclare
1853 1228 1990 1289 actum

604 1346 767 1437 putem,
782 1320 814 1404 si
834 1344 995 1405 tantum
1014 1343 1099 1399 non
1116 1314 1340 1400 orationem
1361 1344 1489 1402 meam
1509 1318 1744 1433 rejeceritis,
1762 1322 1837 1406 hoc
1855 1350 1988 1411 unum

601 1466 812 1556 superest,
838 1464 886 1524 ut
904 1438 947 1518 in
972 1434 1055 1520 sola
1087 1432 1145 1521 rei
1164 1434 1388 1549 gravitate,
1419 1460 1459 1521 et
1489 1438 1532 1519 in
1557 1464 1690 1524 vestra
1716 1436 1985 1555 cognitissima
2062 1498 2065 1503 ·

599 1557 780 1674 pietate,
812 1584 851 1643 et
885 1552 1072 1669 religione
1103 1550 1227 1638 totius
1249 1553 1407 1669 'negotii
1438 1583 1549 1687 spem
1577 1555 1854 1642 collocandam
1885 1559 1984 1644 mihi

599 1705 683 1762 esse
719 1674 998 1763 constituam.
1037 1673 1145 1757 Nam
1175 1672 1327 1758 tametsi
1371 1671 1549 1789 plerique
1585 1738 1598 1775 ‚
1645 1703 1866 1788 equorum
1902 1707 1986 1762 nu·

595 1823 706 1881 mero
742 1827 804 1881 me
840 1822 919 1879 esse
951 1792 1059 1879 ultro
1090 1789 1312 1906 profiteor,
1357 1821 1381 1875 a
1416 1794 1531 1879 novis
1565 1792 1891 1881 institutionibus
1921 1796 1983 1880 fe-

595 1939 751 2000 storum
781 1915 1045 2002 vehementer*
1070 1911 1343 2012 abhorreant,
1379 1909 1454 1992 nisi
1480 1939 1624 2000 causae
1654 1911 1854 2011 idoneae,
1885 1943 1982 2030 gra-

594 2030 858 2145 vissimaeque
895 2028 1182 2144 proferantur,
1208 2026 1358 2137 quod,
1392 2055 1439 2114 ut
1470 2057 1570 2116 recte
1601 2031 1747 2145 ajunt,
1783 2032 1979 2144 frequen·
2012 2040 2015 2045 ’

593 2148 649 2237 tia
683 2147 983 2237 solemnitatum
1018 2173 1103 2230 non
1131 2142 1256 2259 hujus
1286 2144 1394 2251 exilii
1420 2148 1693 2264 propriant,
1728 2150 1798 2235 sed
1828 2148 1883 2232 ad
1902 2180 1978 2265 pa-

585 2268 712 2355 triam
738 2332 752 2370 ,
782 2292 1092 2380 manentemque
1128 2260 1226 2349 caeli
1253 2262 1453 2374 civitatem
1484 2292 1632 2383 spectet
1663 2298 1677 2368 ;
1712 2265 1978 2352 nihilominus

589 2388 665 2502 qui
691 2411 848 2474 mature
880 2448 893 2486 ‚
930 2407 1195 2497 accurateque
1231 2382 1455 2499 perpendat
1492 2449 1506 2486 ‚
1536 2415 1586 2471 ex
1628 2384 1779 2501 quibus
1814 2386 2010 2480 tandem

591 2505 797 2592 aerumnis
831 2502 1027 2621 Hispania
1056 2500 1245 2588 universa
1276 2501 1320 2585 in
1351 2502 1467 2591 tertio
1488 2503 1681 2589 Concilio
1700 2503 1903 2589 Toletano
1917 2503 1979 2588 fe·

586 2620 715 2711 liciter
750 2625 953 2721 liberata,
990 2622 1043 2706 ad
1073 2647 1196 2734 quem
1229 2620 1375 2706 exinde
1412 2620 1584 2708 honoris
1619 2624 1774 2742 apicem
1792 2621 1980 2708 ascende·

587 2740 684 2844 rit,
721 2742 825 2827 illico
864 2739 1055 2829 fatebitur
1092 2799 1105 2836 ‚
1139 2738 1254 2853 pium
1288 2805 1302 2841 ,
1335 2739 1570 2853 justumque
1603 2771 1685 2827 esse
1718 2737 1975 2843 consilium,

585 2885 635 2948 ut
663 2886 766 2950 stato
802 2858 865 2946 die
885 2883 1092 2975 vperpetua
1126 2856 1226 2940 tanti
1260 2855 1443 2964 beneficii
1472 2858 1689 2959 memoria,
1720 2882 1758 2944 et
1784 2857 1978 2946 anniver-

582 2980 690 3076 saria
728 2977 932 3069 celebritas
965 2974 1192 3063 recolatur..
1221 2974 1488 3064 Reformidat--
1504 2974 1666 3062 animus
1698 3004 1793 3075 ,³ac
1821 3002 1974 3093 prope·

581 3100 755 3186 modum
784 3102 921 3213 horret
944 3120 1094 3186 veteres
1124 3092 1210 3179 illos
1235 3094 1396 3196 luctus,
1427 3093 1684 3211 infandaque
1716 3095 1819 3180 mala
1853 3095 1975 3180 remi·

582 3216 683 3304 uisci
716 3282 730 3320 ,
766 3247 871 3331 quae
904 3217 948 3300 in
986 3215 1220 3299 Gothorum
1254 3243 1378 3331 regno
1411 3214 1578 3331 perfidia
1615 3216 1771 3302 Ariana
1803 3212 1972 3329 impune

580 3363 813 3456 grassante,
831 3334 1113 3446 funestamque
1134 3330 1356 3416 discordiae
1385 3332 1515 3419 facem
1537 3332 1611 3419 alte
1628 3334 1877 3451 praeferente
1910 3334 1978 3416 in-

580 3476 641 3564 ter
672 3458 821 3571 Regem
849 3451 1158 3569 Leovigildum,
1184 3449 1396 3570 filiumque
1436 3449 1522 3567 ejus
1547 3452 1846 3540 sanctissimum
1879 3452 1978 3535 Her·

575 3574 849 3689 menegildum
871 3570 1113 3659 exercitibus
1144 3567 1241 3654 hinc
1275 3570 1370 3654 inde
1402 3570 1678 3689 comparatis,
1709 3596 1748 3658 et
1783 3567 1978 3654 commis..

572 3691 627 3779 sis
660 3688 972 3781 efferbuerunt.
1012 3693 1231 3803 Postquam
1263 3715 1412 3776 autem¹
1435 3690 1595 3805 gloriosi
1630 3686 1830 3804 Martyris
1868 3689 1976 3804 Het-

571 3811 785 3931 menegildi
805 3810 982 3899 accensis
1015 3807 1129 3926 apud
1155 3808 1291 3893 Deum
1309 3809 1531 3925 precibus,
1556 3808 1759 3895 indefesso
1790 3803 1977 3890 Leandri·

572 3929 770 4028 Praesulis
800 3930 964 4032 labore,
996 3953 1036 4016 et
1059 3925 1220 4027 studio,
1256 3926 1512 4044 piissimique¹
1541 3926 1740 4015 Recaredi
1770 3952 1902 4025 cura,
1931 3949 1975 4012 et

574 4044 778 4138 industria
811 4047 994 4136 Comitia
1029 4044 1230 4165 generalia
1264 4047 1392 4165 Regni
1424 4073 1513 4135 tum
1544 4044 1807 4132 ecclesiastica
1842 4069 1972 4144 ,tum

577 4168 774 4254 secularia
788 4168 922 4254 Toleti
941 4168 1080 4264 habita
1098 4166 1293 4269 fuerunt,
1323 4193 1363 4255 et
1394 4168 1437 4251 in
1471 4164 1525 4254 eis
1557 4164 1753 4251 haeresim
1770 4161 1971 4247 Arianam

570 4284 690 4391 Rex,
721 4283 1024 4402 Optimatesque
1063 4285 1134 4370 tite
1156 4283 1339 4373 detestati
1372 4310 1506 4383 sunt,
1537 4282 1714 4373 stabilita
1748 4306 1855 4369 recta
1876 4278 1973 4365 fide

569 4431 643 4522 per
657 4401 895 4496 catholicam
911 4402 1131 4489 formulam
1150 4466 1163 4504 ,
1181 4404 1539 4517 orthodoxamque
1556 4406 1623 4489 SS.
1636 4399 1850 4489 Trinitatis
1874 4411 1983 4517 pro-¹.

571 4521 786 4612 fessionem
803 4588 817 4628 ,
832 4523 925 4640 quis
959 4522 1062 4609 adeo
1087 4522 1132 4607 in
1152 4522 1322 4611 historia
1346 4520 1613 4611 ecclesiastica
1632 4521 1870 4641 peregrinus
1883 4542 1941 4602 est
1955 4576 1972 4616 ,
2096 4520 2098 4522 ’

571 4666 620 4725 ut
648 4645 830 4747 ¹nesciat,
854 4670 1059 4759 quantum
1098 4640 1245 4729 deinde
1284 4642 1486 4759 gaudium
1526 4672 1792 4732 consecutum
1817 4632 1971 4732 fuerit,

571 4785 700 4871 quam
724 4762 933 4879 insigniter
964 4762 1121 4881 Religio
1151 4761 1394 4848 Christiana
1413 4763 1667 4863 effloruerit,
1694 4783 1828 4875 quot,
1858 4779 1967 4865 qua·

571 4873 706 4993 lesque
747 4881 1021 4969 virosCletus
1038 4879 1246 4998 Hispanus
1261 4883 1538 5000 produxerit?
1571 4883 1693 4993 Quae
1713 4873 1851 4962 omnia
1870 4899 1967 4956 cum

571 4994 797 5089 admirabili
831 5058 847 5103 ,
877 5001 1058 5116 satisque
1087 5002 1250 5119 copiosa
1289 5002 1473 5093 oratione
1519 4996 1760 5087 clarissimus
1795 4987 1960 5081 Praesul
