5084 6234
866 791 1517 886 nccnnsrasrrcrs
1795 763 1930 923 12³⁵

485 942 579 1034 moi
588 935 845 1030 Ecclesiastici
858 940 980 1053 jueta
996 965 1124 1023 veram
1141 940 1267 1039 merri,
1286 967 1323 1024 et
1336 937 1537 1026 latinitatis
1550 947 1723 1024 normn'm
1738 968 1763 1024 n
1779 941 1882 1033 ona

482 1067 597 1153 Putre
612 1063 799 1148 Clemente
819 1060 908 1148 Vll.
927 1055 1108 1173 l’onrifice
1132 1060 1341 1157 Maximo,
1362 1087 1406 1144 ut
1429 1059 1471 1144 in
1485 1056 1624 1142 divinis
1639 1052 1795 1174 quiaque
1826 1063 1882 1150 eia

483 1182 705 1302 utipossit,
742 1175 975 1296 approbati,
1009 1201 1050 1261 et
1072 1178 1179 1263 nouit
1195 1178 1379 1265 Ludooici
1408 1175 1629 1276 Victorini,
1656 1177 1882 1268 ncLautitii

483 1299 659 1392 Penttini
671 1298 951 1385 characteribus
963 1295 1005 1379 in
1020 1295 1139 1381 luceru
1157 1298 1314 1383 traditi.
1338 1299 1557 1397 Sanctum,
1574 1322 1612 1380 et
1628 1296 1882 1384 neceesarium

526 1431 530 1438 '
562 1453 583 1509 r
602 1484 612 1504 .
628 1415 866 1505 Brmiariurn
882 1412 1170 1500 ecclesiasticum
1194 1419 1243 1503 ah
1257 1419 1387 1503 eodem
1404 1418 1528 1503 chh.
1545 1415 1777 1535 Ponr.longe
1796 1417 1883 1504 bn·-

485 1542 601 1641 ttius,
625 1560 665 1624 et
665 1534 823 1649 facilius
836 1531 1024 1619 redditum
1041 1538 1163 1635 ,etalr
1177 1536 1286 1623 omni
1299 1563 1427 1623 errore
1435 1554 1651 1654 purgatum
1661 1536 1883 1651 propediem

480 1658 631 1746 exibit.
644 1659 690 1739 ln
706 1654 786 1738 fine
802 1652 933 1771 operit
950 1679 1116 1740 notatur
1136 1683 1287 1758 annua,
1302 1673 1343 1744 er'
1358 1655 1474 1744 locus
1488 1652 1705 1741 editionis.
1722 1656 1886 1771 lmpreea

477 1799 569 1866 eum
586 1777 657 1860 hoc
668 1772 841 1859 divinum
856 1804 954 1892 opus
969 1775 1113 1860 Rornm
1145 1775 1186 1860 in
1203 1777 1361 1864 aedihur
1374 1774 1557 1868 manici
1576 1771 1829 1877 mentirri,
1845 1793 1884 1862 et

483 1893 645 1982 hutini
663 1893 842 1980 Perusini
862 1923 938 1979 non
956 1890 1039 1977 eine
1047 1892 1250 2013 priuilegio
1267 1957 1278 1979 .
1296 1893 1387 1980 lial.
1398 1897 1512 1982 Febr.
1528 1923 1546 1976 r
1555 1921 1652 2007 525.
1672 1956 1683 1977 .
1716 1892 1784 1980 De
1798 1894 1885 1982 auia

484 2011 648 2128 hymnis
665 2013 889 2100 Zacharias
920 2012 963 2096 in
996 2012 1160 2128 epistola
1190 2014 1444 2103 dedicatoria
1468 2010 1672 2101 Clementi
1689 2014 1781 2100 Vll.
1814 2015 1885 2100 in·

485 2147 544 2220 ter'
558 2133 635 2220 alia
655 2134 753 2218 haec
774 2132 891 2219 refert
905 2166 916 2218 ε
929 2132 1115 2251 Singulos
1130 2136 1282 2249 quidem
1314 2137 1516 2252 Hymnus,
1534 2158 1653 2252 prout
1666 2162 1770 2221 nme
1784 2162 1883 2265 quo-

483 2249 577 2340 etde
586 2252 821 2371 prodibant,
845 2252 1011 2370 perlegit
1026 2254 1103 2337 Leo
1119 2252 1301 2367 Ponnfea·
1316 2317 1329 2356 ‚
1347 2279 1397 2341 nc
1405 2254 1606 2371 predavit.
1623 2252 1694 2368 (a)

510 2373 653 2486 ‘'349.
684 2373 765 2457 Eos
793 2373 960 2458 summis
989 2370 1186 2462 laudibus
1215 2372 1367 2460 extollit
1392 2370 1884 2462 MartinueBecichemue

488 2488 705 2600 Patavinae
720 2488 970 2580 Academiae
987 2495 1134 2580 Rector
1158 2493 1203 2578 in
1220 2491 1497 2611 praefatione.
1524 2488 1673 2592 Inhir,
1705 2489 1764 2577 ait
1778 2491 1885 2579 celea'

482 2607 683 2702 bertimue
696 2612 738 2694 Ρ.
759 2610 990 2701 Paciaudus
1005 2610 1107 2725 (1),
1126 2613 1341 2715 naturalis,
1364 2637 1403 2698 et
1419 2642 1498 2699 non
1506 2607 1669 2723 fucatur
1684 2608 1797 2697 larini
1811 2641 1887 2699 rer·

479 2726 608 2842 mortis
623 2728 752 2831 nitor,
767 2759 804 2815 et
814 2729 964 2847 portica
981 2760 1222 2821 numerorum
1235 2732 1464 2834 harmonia,
1491 2730 1765 2846 verborumque
1780 2760 1883 2819 corn·

476 2843 845 2969 potitio'ptnnagni
867 2849 1050 2964 facienda
1075 2852 1169 2938 mihi
1182 2877 1328 2970 semper
1356 2850 1438 2938 oirn
1453 2878 1571 2938 sunt.
1599 2847 1731 2966 Quod
1745 2875 1886 2937 autem

489 2962 669 3074 dicitur,
697 2968 951 3057 Breviarium
981 2968 1295 3084 ecclesiasticum
1310 2970 1473 3064 brevius
1490 2968 1727 3090 propediem
1745 2967 1883 3056 exitu-
1928 3004 1930 3008 ·

485 3103 609 3188 tum,
639 3086 797 3203 respicit
822 3087 1168 3193 adbreviarium,
1195 3091 1313 3206 quod
1340 3089 1487 3177 deinde
1518 3085 1756 3176 Cardinalie
1771 3087 1886 3203 Qui·

555 3201 558 3210 ’
604 3231 646 3290 ee
674 3203 867 3322 jubente,
884 3208 947 3298 vel
962 3209 1151 3298 hortante
1168 3209 1486 3298 Clemente-Vll.
1503 3206 1713 3297 ordinavit
1731 3269 1742 3294 .
1771 3209 1885 3296 Nam

510 3321 677 3438 flemene
695 3327 785 3412 Vll.
807 3326 1033 3415 ellledicea
1053 3359 1218 3448 quoque
1236 3332 1396 3433 Gener,
1421 3327 1771 3445 quemadmodum
1791 3326 1881 3443 ejue

481 3441 678 3560 Pptruelir
689 3447 840 3536 LeoX.
856 3448 906 3536 de
925 3449 1102 3564 Hymnir
1118 3450 1387 3540 ecclesiasticis
1408 3473 1481 3536 aut
1496 3447 1762 3536 reformandis
1776 3509 1790 3552 ,
1804 3469 1879 3537 aut

536 3615 541 3626 .
1523 3567 1565 3686 Q
1599 3593 1625 3652 2

531 3729 587 3817 le)
612 3721 782 3802 Metallos
798 3732 844 3805 at
857 3733 1003 3804 ornem.
1013 3745 1144 3830 parta.
1204 3754 1281 3804 nem
1300 3755 1340 3805 ea
1353 3728 1512 3803 facultate
1541 3750 1640 3800 usum
1654 3723 1760 3799 iniere
1777 3772 1790 3796 .
1805 3725 1883 3821 Hy·

490 3839 570 3899 tert.
587 3844 618 3914 5.
634 3841 709 3926 rap.
721 3831 760 3898 6.
774 3849 886 3902 narrat
910 3880 922 3912 ‚
949 3831 1143 3904 Ferrarium
1206 3835 1373 3903 mnorum'
1403 3826 1676 3901 emendationem
1711 3821 1880 3899 Clemen-

485 3923 728 4000 eoll'ectionem
750 3927 969 4024 {tymnorum
998 3929 1144 4004 edidisse
1205 3930 1231 4001 ti
1254 3928 1338 4002 Vll.
1358 3951 1436 4003 cum
1464 3925 1573 3998 adhuc
1597 3942 1684 3998 erret
1700 3919 1874 3997 Cardine·

484 4025 707 4122 approbatam
736 4078 749 4111 ,
779 4044 820 4099 ut
848 4029 920 4110 nit,
953 4052 973 4098 a
1002 4029 1148 4101 clemen·
1205 4030 1268 4112 lie,
1285 4046 1415 4123 gratam
1444 4021 1686 4118 fuisse,argui
1703 4041 1878 4116 potestte

488 4131 525 4192 tt
539 4127 639 4207 m,
663 4127 721 4198 rel
752 4147 874 4200 uma.
903 4128 992 4228 quod
1016 4129 1146 4212 sciam,
1205 4127 1328 4200 codice
1348 4127 1415 4200 Me.
1435 4122 1675 4197 Bibliothecae
1690 4122 1878 4196 vaticanae

486 4221 724 4316 (subiungit)
744 4247 786 4296 ea
795 4225 961 4314 facultate
974 4249 1055 4298 uses
1069 4241 1145 4299 est.
1210 4231 1318 4322 3641.
1339 4225 1428 4312 apud
1446 4219 1742 4298 Montiaueonium
1772 4218 1808 4297 le
1822 4221 1881 4295 ni·

487 4320 544 4390 ht·
554 4319 597 4391 de
623 4321 800 4395 Pontificio
815 4328 1059 4419 approbatione
1076 4345 1143 4397 noo
1206 4324 1326 4399 blioth.
1341 4334 1427 4398 Mss.
1441 4322 1565 4408 ,wius
1586 4325 1668 4396 haec
1692 4339 1744 4393 ert
1758 4317 1883 4393 interi·

486 4415 602 4491 tolum
617 4419 650 4490 id
662 4421 781 4493 asserit
795 4423 1001 4507 Feretrius,
1031 4425 1091 4498 sed
1106 4447 1147 4496 ea
1172 4449 1178 4474 2
1209 4423 1311 4520 prior
1338 4423 1507 4497 lrantitri
1539 4418 1781 4494 Priscianctrsis
1808 4427 1880 4514 Hy·

485 4511 882 4608 ineditioneRomana‚
911 4524 1019 4606 vivo,
1045 4521 1151 4599 etri·
1207 4547 1363 4599 annotare
1399 4522 1582 4594 secuntum
1612 4526 1794 4607 homnem
1819 4540 1881 4590 ert·

485 4613 590 4690 dente
607 4615 791 4693 Clemente
805 4623 885 4694 Vll.
902 4674 911 4705 ,
929 4622 1053 4695 inserta
1070 4640 1148 4706 eet,
1210 4625 1299 4697 riam
1333 4619 1568 4716 entigatr‘mes
1593 4637 1668 4689 ram
1693 4629 1881 4691 metrorum

485 4731 523 4787 et
545 4737 625 4788 cnm
659 4717 693 4789 in
719 4717 773 4791 hir
801 4721 943 4795 hitterie
963 4722 1152 4795 Pontificiia
1211 4718 1510 4811 reformationem
1524 4714 1652 4790 lulium
1668 4716 1881 4791 Cardinelera

488 4811 702 4900 affirmetur,
737 4818 855 4894 multis
869 4821 970 4893 etiarn
988 4845 1006 4891 e
1026 4819 1152 4892 Cardi-
1211 4823 1253 4895 tie
1271 4818 1438 4892 Medicis.

490 4909 616 4986 nahum
631 4939 776 4989 numero
792 4918 984 5014 praedictos
1002 4923 1150 5013 hymnos
1262 4922 1317 5010 (ι)
1343 4914 1517 5009 Antiquit.
1551 4913 1684 4991 Christ.
1713 4913 1750 4987 S.
1777 4914 1877 4999 Joan.

488 5003 684 5102 plectiere,
714 5017 776 5091 rix
793 5019 887 5092 credi
900 5018 1030 5115 poterit
1041 5015 1150 5092 nemi-
1209 5017 1315 5116 Brpt·
1333 5013 1520 5116 Dittttte·
1535 5020 1650 5112 capo.
