5084 6234
579 842 636 944 70
999 817 1527 915 uuutuum

575 965 689 1056 tur‘l
722 965 809 1052 Illae
825 964 993 1076 quidem
1026 964 1313 1068 auctoritates,
1337 996 1441 1089 quas
1464 993 1587 1082 supra
1622 966 1830 1070 dedimus,
1859 972 1928 1059 vix
1943 977 1963 1072 ,²

576 1116 624 1172 ac
643 1116 692 1170 ne
711 1085 778 1173 vix
814 1084 982 1197 quidem
1001 1079 1196 1199 plurimae
1224 1114 1366 1170 earum
1400 1082 1562 1199 intelligi
1591 1114 1787 1201 possunt,
1813 1089 1887 1173 nisi
1909 1091 1959 1173 de

572 1203 750 1316 Hymnis
783 1203 826 1284 in
858 1200 1121 1288 ecclesiastico
1152 1200 1286 1287 officio
1315 1202 1528 1290 recitandis
1554 1261 1565 1284 .
1589 1205 1655 1287 En
1689 1208 1808 1291 verba
1834 1206 1958 1293 Ulda-

572 1322 643 1408 rici
660 1322 732 1438 (1)
744 1358 754 1406 :
768 1319 886 1421 „Soli
919 1318 1110 1403 nocturni
1127 1320 1258 1404 nescio
1274 1321 1376 1433 quid
1394 1321 1459 1407 hic
1477 1320 1760 1422 commiserint,
1776 1324 1847 1436 qui
1863 1353 1958 1409 curn

574 1501 604 1542 „
636 1444 680 1525 in
699 1442 879 1529 adventu
896 1437 1096 1538 Domini,
1122 1464 1161 1522 et
1176 1438 1321 1521 totiens
1343 1438 1386 1523 in
1405 1438 1726 1525 solemnitatibus
1748 1441 1958 1557 specialem

571 1621 602 1662 „
635 1562 842 1673 hymnum
868 1558 1072 1655 habeant,
1103 1556 1146 1638 in
1177 1554 1499 1672 Quadragesima
1528 1557 1606 1642 hoc
1634 1555 1887 1661 amiserunt3
1914 1557 1956 1641 in

572 1740 600 1780 „
636 1706 719 1785 qua
754 1674 873 1760 etiam
903 1701 985 1760 tam
1001 1701 1126 1791 parva
1151 1673 1282 1773 hora,
1309 1675 1413 1762 sicut
1442 1701 1499 1761 est
1530 1672 1696 1775 Tertia,
1725 1704 1810 1757 non
1847 1700 1964 1763 caret

457 1826 461 1830 ’
571 1858 600 1898 ,,
633 1800 802 1909 Hymno
821 1792 930 1892 alio,
958 1819 1086 1903 quam
1111 1820 1334 1892 consueto,
1355 1792 1471 1878 idest
1489 1822 1501 1876 a
1522 1792 1657 1878 Tarnis
1684 1821 1743 1878 rer
1765 1794 1960 1877 horisnu-

572 1976 601 2016 „
632 1945 783 2000 merus:
801 1937 840 1996 et
856 1911 888 1994 si
903 1912 989 1995 'hoc
1006 1910 1117 2026 apud
1136 1937 1210 1992 nos
1239 1935 1326 2005 est,
1357 1933 1487 1995 tamen
1506 1940 1585 1995 non
1600 1932 1656 1995 est
1670 1912 1724 1994 ito
1740 1913 1846 2023 opud
1860 1915 1960 1997 Mo·

571 2096 600 2137 „
632 2036 773 2116 naclros
802 2028 967 2128 ltaliae,
995 2053 1031 2110 et
1059 2027 1176 2142 ipsius
1200 2027 1579 2143 sedisapostolicae,
1608 2054 1646 2112 et
1669 2027 1862 2113 Ecclesiae
1875 2032 1958 2114 Ro-

570 2214 600 2253 „
632 2179 799 2247 monae,
826 2147 932 2260 nprtd
957 2175 1051 2260 quos
1066 2144 1243 2229 nimirum
1263 2147 1366 2259 quod
1395 2176 1440 2229 en
1454 2146 1536 2231 vice
1551 2148 1686 2229 talem
1701 2146 1799 2229 aliae
1813 2147 1955 2248 dorae,

571 2331 603 2371 „
631 2264 898 2350 liabentetiom
930 2262 1149 2362 nocturni„
1171 2324 1181 2344 .
1202 2261 1401 2348 Monachi
1420 2263 1544 2378 ipsius
1558 2260 1660 2347 sedis
1679 2262 1959 2375 Apostolicae,
2036 2276 2039 2282 ’
2142 2275 2143 2283 '

574 2410 615 2472 ct
631 2381 830 2468 Ecclesiae
850 2384 1057 2465 Romanae
1076 2380 1246 2492 quinam
1261 2377 1689 2495 congruentiusfuisse
1704 2380 1961 2467 existrmandi

571 2528 702 2601 sunt,
732 2529 858 2613 quam
876 2497 1084 2583 Canonici
1105 2498 1182 2581 sub
1214 2498 1365 2613 Regula
1391 2499 1613 2583 monastica
1643 2498 1850 2599 viventes,
1883 2501 1957 2613 qui

553 2645 699 2707 ’aetate
735 2615 914 2702 Uldarici
947 2616 1052 2699 circa
1086 2643 1245 2698 annum
1283 2642 1407 2727 τοῖο.
1434 2615 1628 2701 Ecclesiae
1659 2617 1954 2717 Lateranensi,

572 2738 737 2847 aliisque
758 2727 957 2847 primariis
972 2735 1124 2818 Romae
1138 2731 1308 2819 basilicis
1324 2732 1594 2819 inserviebant
1607 2731 1647 2815 ’ἔ4

633 2857 704 2941 88.
737 2850 901 2965 Quodsi
937 2850 978 2935 in
998 2849 1083 2933 aliis
1119 2852 1270 2934 Romae
1289 2848 1473 2935 Ecclesiis
1507 2850 1575 2935 hic
1591 2879 1677 2933 mos
1699 2850 1958 2954 invaluerat,

573 2974 615 3057 in
633 2971 838 3058 Vaticana
857 2969 1007 3085 pariter
1022 2968 1236 3057 invaluisse
1254 2967 1599 3067 censendumest,
1634 2968 1710 3053 nisi
1745 2969 1954 3084 perspicua
2012 3039 2015 3050 .

574 3110 811 3207 argumenta
845 3087 1070 3172 contrariae
1100 3084 1411 3172 consuetudinis
1442 3086 1731 3202 proferantur.
1767 3087 1814 3169 In
1834 3085 1954 3172 citata

572 3207 791 3323 Appendioe
808 3209 863 3289 V.
884 3204 1118 3289 Cardinalis
1134 3203 1380 3289 Thomasius
1396 3204 1585 3318 producit
1601 3204 1777 3313 Officium
1804 3216 1877 3321 pro
1895 3206 1961 3289 ln·

562 3324 692 3441 firmis
710 3352 760 3408 ex
778 3348 938 3410 vetusto
953 3322 1089 3407 codice
1106 3327 1412 3408 membranaceo
1427 3319 1611 3408 Archivii
1626 3321 1815 3405 Basilicae
1836 3322 1958 3406 Vati-

574 3470 699 3526 canae
736 3470 831 3527 curn
861 3444 1029 3553 Hymno
1052 3437 1290 3555 sapphico:
1314 3436 1469 3545 Christe¹
1487 3438 1666 3522 Caelestis
1677 3436 1861 3521 medicina
1878 3440 1957 3521 Pn-

574 3560 643 3644 tris
659 3587 764 3657 ern,
790 3558 861 3673 qui
894 3558 1037 3673 legitur
1069 3556 1192 3643 etiam
1222 3556 1265 3639 in
1284 3554 1512 3667 Hymnario
1543 3555 1721 3671 ejusdem
1748 3553 1958 3637 Thomasii

576 3705 624 3761 ex
644 3675 1132 3764 BreviarioMozarabico
1166 3699 1398 3762 extractus.
1430 3671 1499 3785 (a)
1514 3674 1720 3783 Equidem
1754 3670 1862 3756 nulla
1899 3701 1961 3756 ra·

576 3794 684 3879 tione
703 3795 854 3880 adduci
872 3822 1068 3910 possum,
1099 3820 1147 3879 ut
1161 3794 1353 3890 credam,
1382 3816 1442 3876 tot
1457 3792 1669 3878 Pontifices
1685 3797 1889 3877 Romanos
1909 3819 1960 3875 ex

579 3910 722 3995 ordine
741 3916 782 3995 S.
809 3911 1015 3996 Benedicti
1029 3911 1082 3994 ad
1098 3909 1520 4026 Apostolicamsedem
1531 3937 1686 3999 evectos
1713 3912 1962 4021 hymnorum

579 4056 729 4127 usum,
766 4029 837 4141 qui
869 4028 981 4142 apud
1013 4027 1244 4113 Monachos
1291 4028 1518 4113 communis
1548 4053 1666 4126 erat,
1701 4028 1743 4110 in
1770 4024 1965 4112 omnibus

582 4148 734 4230 Romae
756 4144 958 4248 basilicis,
992 4168 1030 4230 et
1060 4142 1259 4249 ecclesiis,
1290 4144 1322 4230 si
1348 4145 1450 4232 forte
1477 4144 1639 4246 deerat,
1672 4174 1757 4230 non
1774 4143 1966 4231 induxis-

632 4412 683 4494 (ι)
712 4405 866 4494 Cap.52.
881 4402 1098 4475 Consuetud.
1121 4403 1243 4474 Mona·
1289 4403 1359 4476 tilis
1384 4424 1472 4477 esset
1487 4427 1621 4498 opera,
1645 4432 1732 4503 quae
1760 4408 1793 4479 in
1825 4404 1960 4502 hymnis

580 4503 675 4575 stetii
696 4501 915 4574 Cluniaeens.
1292 4502 1326 4571 S.
1341 4503 1523 4575 Ambrosii*
1539 4506 1767 4600 eolligendis,
1800 4523 1834 4573 et
1863 4520 1960 4574 vete·

629 4608 683 4690 (a)
708 4600 883 4682 Albinus,
911 4597 969 4693 qui
1000 4622 1109 4691 prope
1138 4601 1239 4672 finem
1290 4607 1364 4670 tum
1384 4602 1586 4673 testimonio
1614 4602 1824 4694 vindicandis
1850 4598 1960 4669 collo·

554 4698 555 4701 ’
581 4698 706 4767 saeculi
736 4699 772 4767 8.
798 4696 952 4780 enituit,
982 4699 1016 4767 in
1046 4696 1158 4787 officiis
1182 4713 1245 4793 per
1293 4716 1543 4773 caremtenam
1560 4699 1731 4774 Maurinos
1759 4702 1790 4768 in
1807 4700 1961 4786 hacpar·

584 4795 694 4863 ferias
710 4795 803 4862 Ferr'a
819 4800 858 4862 V.
874 4798 960 4864 hunc
980 4798 1145 4887 hymnum
1163 4794 1243 4864 inse·
1294 4812 1327 4864 te
1345 4819 1488 4867 cessasse
1517 4799 1631 4872 multis
1647 4814 1697 4869 est
1725 4795 1962 4868 confirmatum

583 4893 674 4970 tuit,
701 4890 755 4960 cui
790 4889 844 4959 hic
872 4891 1051 4960 Titulus:
1092 4903 1244 4985 Hymnttr
1297 4894 1498 4987 exemplis.

588 4997 622 5059 S·
636 4985 815 5059 Ambrosii
822 5002 885 5084 pro
899 4984 1042 5073 Infimis
1055 5032 1068 5058 .
1080 4990 1159 5061 Non
1175 4990 1247 5059 inu·
