5084 6234
679 877 764 973 aq
1113 787 1709 945 οεΗνΜΝιεψ

672 984 860 1096 uideant,
890 993 984 1115 quid
990 992 1213 1113 permittere
1234 995 1530 1113 possintne
1556 995 1752 1085 audientes
1780 1002 1833 1085 od
1863 1000 2064 1094 lusciniam

665 1116 830 1237 potius,
860 1148 974 1233 quam
993 1116 1046 1199 od
1061 1114 1292 1201 devotionem
1311 1114 1549 1218 excitentur,
1581 1147 1626 1203 ut
1644 1136 1800 1203 conetur
1811 1118 1852 1202 in
1868 1152 1952 1238 cop.
1968 1127 2066 1210 Con-

674 1262 798 1323 tontes
812 1267 882 1354 92.
903 1296 915 1321 .
935 1237 997 1319 Ex
1015 1234 1077 1317 his
1092 1232 1222 1349 colligi
1241 1234 1363 1335 licet,
1396 1237 1712 1334 cantiunculas,
1731 1264 1837 1348 quac
1858 1239 1899 1323 in
1917 1242 2065 1360 Hispa·

673 1353 745 1440 nia
762 1353 1012 1474 appellantur
1030 1351 1282 1452 Villnncicos‚
1314 1381 1502 1465 quaeque
1520 1353 1564 1437 in
1583 1352 1868 1444 celebrioribus
1884 1359 2066 1446 solemni·

674 1473 828 1563 tatibus
845 1474 948 1559 inter
969 1470 1109 1561 divina
1126 1470 1259 1559 officia
1291 1472 1447 1560 cantari
1475 1472 1700 1585 aliquando
1735 1504 2066 1584 consueverunt,

674 1622 762 1680 non
778 1623 858 1681 esse
878 1590 1050 1679 omnino
1068 1590 1375 1712 reprobandas,
1403 1591 1627 1678 dummodo
1644 1592 1859 1707 Episcopi,
1893 1598 1947 1682 ad
1961 1629 2068 1713 quot
2179 1616 2184 1624 '

673 1712 904 1801 Divinarum
923 1741 1015 1801 curn
1029 1740 1204 1831 spectat,
1236 1738 1303 1796 eas
1321 1714 1547 1828 approbent
1566 1775 1580 1814 ,
1610 1740 1650 1801 et
1669 1711 1712 1796 in
1727 1710 1888 1799 ecclesia
1908 1718 2066 1806 cantari
2155 1710 2160 1719 ’

728 1854 934 1921 rmrttant.

738 1978 838 2067 245.
869 1952 1138 2037 Vehementer
1155 1976 1289 2038 tamen
1303 1947 1481 2051 dubito,
1508 1979 1560 2034 an
1582 1948 1678 2035 olim
1711 1948 1811 2036 haec
1829 1953 2070 2067 approbatio
2191 1954 2193 1957 ’

679 2068 802 2157 fuerit
817 2070 1018 2186 expetita,
1041 2098 1134 2156 cum
1149 2069 1192 2154 in
1213 2093 1388 2156 mentem
1415 2071 1597 2157 subeunt
1612 2068 1816 2183 quaedam
1845 2068 2078 2157 cantilenae·

672 2217 764 2275 non
783 2188 916 2275 multis
935 2188 1099 2276 abhinc
1118 2192 1238 2277 annis
1255 2190 1298 2272 in
1316 2188 1512 2305 Hispania
1533 2189 1696 2273 auditae
1716 2251 1729 2289 ,
1756 2187 1878 2274 immo
1905 2188 1948 2271 in
1966 2218 2079 2306 poe-2

673 2308 726 2397 tis
743 2308 935 2425 Hispanis
949 2308 1096 2425 passim
1111 2333 1401 2405 occurrentes,
1428 2336 1535 2418 quae
1571 2309 1625 2393 ad
1643 2307 1829 2394 Natalem
1863 2307 1968 2392 diem
1983 2310 2071 2392 Do·

672 2426 777 2521 mini
796 2428 922 2514 nostri
935 2428 1027 2525 lesu
1044 2427 1200 2516 Christi
1217 2426 1502 2517 celebrandum
1532 2453 1650 2513 erant
1667 2426 1908 2543 compositae
1924 2488 1938 2527 ‚
1970 2426 2068 2539 qui-

674 2548 755 2635 bus
775 2545 807 2633 si
828 2575 914 2631 non
932 2545 987 2631 ad
1005 2546 1207 2635 lasciviam
1227 2546 1470 2647 audientes,
1498 2546 1550 2631 ad
1569 2545 1693 2633 risum
1712 2569 1814 2632 certe
1834 2546 1926 2629 data
1946 2574 2069 2661 opera

674 2665 958 2753 excitabantur
988 2694 1003 2765 3
1028 2663 1110 2753 sive
1145 2664 1335 2781 Episcopi
1364 2664 1674 2765 conniverent,
1704 2664 1786 2752 sive
1820 2660 1863 2747 in
1895 2662 2068 2749 ecclesiis

676 2782 969 2899 Exemptorum
985 2782 1055 2897 (o)
1070 2783 1134 2869 llic
1152 2786 1306 2870 abusus
1329 2782 1648 2899 permitteretur.
1675 2784 1942 2898 Quamquam
1962 2809 2080 2895 quae·
2145 2852 2147 2855 .

675 2901 838 2990 ecclesia
854 2903 947 2991 satis
964 2928 1145 3019 exempta
1163 2932 1244 2989 esse
1261 2925 1418 3021 potest,
1448 2928 1496 2989 ut
1514 2899 1701 3021 Episcopi
1720 2929 1805 2986 non
1825 2898 2068 3015 invigilent,

675 3021 834 3137 nequid
851 3020 894 3103 in
912 3049 959 3106 ea
991 3022 1229 3108 indecorum
1247 3018 1560 3109 committatur?
1592 3021 1671 3107 Sed
1702 3048 1797 3109 cum
1813 3048 1920 3108 nova
1937 3046 2069 3130 quae-

675 3140 773 3225 dam
788 3140 858 3225 lux
876 3203 889 3240 ,
910 3165 950 3227 et
966 3140 1154 3259 splendor
1172 3142 1306 3230 multis
1330 3138 1416 3228 aliis
1432 3143 1552 3229 rebus
1571 3139 1613 3224 in
1630 3138 1828 3261 Hispania
1845 3135 1951 3225 hisce
1969 3167 2069 3256 pro·

674 3256 796 3344 nimis
810 3256 930 3342 annis
947 3259 1180 3360 accesserit,
1208 3286 1256 3347 ut
1270 3285 1310 3349 et
1331 3258 1458 3344 audio
1475 3319 1488 3357 ‚
1504 3285 1543 3344 et
1577 3258 1859 3347 incredibiliter
1876 3258 2068 3375 gaude0,

670 3377 837 3466 somate
872 3374 1042 3492 sutjam
1076 3378 1290 3465 reformata
1320 3402 1379 3467 est
1394 3405 1440 3461 ea
1461 3377 1689 3489 hymnodia
1701 3378 1878 3494 vulgaris
1893 3377 2031 3493 jocosa
2051 3439 2066 3477 ,

674 3522 776 3599 aut,
803 3496 919 3611 quo'd
933 3520 1063 3613 opto,
1095 3523 1390 3614 augurmque,
1429 3494 1540 3584 brevi
1559 3495 1872 3584 reformabitur.
1900 3495 2066 3581 Contra

675 3614 897 3704 cantilenas
911 3615 1086 3719 italicas,
1114 3616 1337 3730 quaedum
1372 3610 1646 3703 Eucharistiae
1676 3616 1983 3701 Sacramentum
2003 3641 2070 3697 re·

677 3736 904 3838 conditur,
926 3734 1239 3834 concinuntur,
1264 3738 1390 3855 paulo
1404 3732 1578 3826 severior
1593 3761 1652 3824 est
1664 3733 1860 3830 sententia
1878 3730 2073 3820 Cavalie·

678 3854 713 3938 ti
729 3855 889 3941 numo.
909 3915 920 3938 .
940 3860 992 3941 Se
1006 3858 1120 3942 modo
1135 3857 1245 3945 erodis
1270 3858 1385 3974 offert
1399 3854 1520 3943 trevis
1529 3856 1723 3941 cantilena
1744 3854 1808 3940 illa
1840 3885 1866 3939 n
1882 3850 2073 3938 modernis

679 3971 942 4061 Μὶεεὶοηανίἰε
957 3974 1111 4062 inuenta
1127 4039 1143 4079 ‚
1175 4002 1250 4063 eta
1267 3976 1491 4093 quibusdum
1516 3974 1677 4061 ecclesiis
1697 3970 1788 4085 jam
1804 3971 1847 4058 in
1863 3998 1938 4057 utu
1955 3970 2076 4057 indu-

736 4267 788 4354 (ι)
804 4264 843 4336 ln
859 4263 983 4338 Ditrio
997 4266 1229 4341 ecclesiastico
1241 4267 1349 4340 Dino·
1408 4283 1495 4366 potu
1523 4287 1689 4337 annoncer
1713 4286 1777 4362 qut
1790 4267 1937 4360 pendant
1954 4262 1988 4336 la
2017 4270 2073 4335 St·

685 4362 799 4438 vettii·
819 4364 936 4435 Mense
974 4365 1125 4437 Novem.
1156 4371 1263 4459 1766.
1301 4366 1348 4438 le·
1414 4365 1690 4439 meinesat'ntet‘l
1702 4384 1825 4458 yaura
1843 4364 2077 4438 tanssetcoa·

688 4463 783 4558 gintt
796 4489 807 4534 s
820 4470 932 4533 lettre
945 4486 1004 4535 sur
1031 4462 1053 4533 Γ
1067 4462 1149 4535 abas
1165 4468 1203 4535 de
1218 4464 1252 4535 la
1268 4474 1348 4536 Mu·
1413 4466 1542 4537 uentde
1554 4459 1748 4536 bellesuoix
1760 4465 1821 4561 qtn‘
1830 4466 2022 4537 chantenoi
2035 4478 2075 4529 en

686 4562 783 4656 sique
811 4565 890 4633 dans
909 4561 956 4635 les
986 4569 1240 4636 conmanentes
1260 4562 1349 4650 Reli·
1418 4563 1569 4658 musique
1586 4562 1632 4633 les
1646 4571 1790 4656 Lefom,
1805 4564 1867 4635 ele
1879 4564 2077 4634 Miserereae

688 4662 821 4754 gt'tuses
836 4663 898 4733 ‚In
918 4685 957 4734 ea
974 4660 1126 4755 Epistola
1140 4662 1255 4757 plures
1268 4665 1352 4733 abu·
1421 4658 1546 4752 l'office
1560 4663 1616 4734 des
1630 4662 1799 4739 tenebret..
1828 4665 1881 4733 De
1905 4651 2075 4730 cantioni·

693 4777 751 4828 ⁸1¹⁸
766 4758 865 4837 huius
879 4762 1011 4854 generis
1027 4766 1323 4857 reprehenduntur
1341 4808 1353 4843 ‚
1417 4760 1855 4853 busHispanisVillanct‘cos
1869 4750 1997 4832 consuli
2016 4774 2078 4840 po·

694 4852 942 4945 subiiciturque
959 4860 1040 4931 h'aec
1057 4879 1160 4943 nota,
1186 4870 1235 4933 vn
1256 4868 1355 4932 Scatr-
1422 4878 1486 4931 test
1510 4858 1799 4943 Feiioustom.1.
1829 4854 1948 4926 theat.
1976 4849 2077 4921 Dite.

696 4952 860 5026 teletus
870 4951 1358 5048 freppentestdtutirdescf-
1421 4958 1517 5031 XIV.
1542 4960 1649 5055 mpii.
1663 5003 1677 5041 ,
1706 4952 1765 5028 ubi
1791 4951 1920 5049 stylum
1960 4971 2077 5024 earum

694 5050 865 5144 licitene
893 5053 1039 5128 ceineas
1070 5061 1202 5131 cncede
1228 5058 1354 5140 Petit,
1419 5059 1587 5130 damnat·
1661 5104 1682 5141 „r
