5084 6234
1789 845 3071 942 EchEsms‘rrcts
3355 935 3395 961 ,.
3645 812 3816 982 αἰ,

1028 1021 1647 1099 monstrentur,
1706 1021 1879 1080 non
1948 991 2602 1081 animadvertant
2636 1055 2659 1077 .
2722 995 2996 1110 Atque
3034 992 3356 1082 utinam
3418 994 3620 1084 nulli
3651 998 3820 1094 sint

1029 1120 1353 1222 futuri,
1414 1115 1562 1230 qui
1595 1138 1814 1201 tanta
1847 1111 2523 1204 demonstratione
2585 1113 2962 1202 nondum
3018 1115 3369 1203 eonvicti
3407 1116 3820 1231 hymnos,

1028 1241 1338 1360 quibus
1399 1259 1929 1326 assueverunt
1985 1294 2015 1336 ,
2081 1230 2650 1320 emendatione
2747 1262 2924 1320 non
2991 1231 3349 1368 indigere
3406 1235 3828 1330 mordicus

1029 1381 1423 1450 tueantur
1463 1418 1485 1441 .
1522 1354 1842 1440 Tamen
1870 1352 2217 1440 liberum
2248 1351 2552 1465 cuique
2594 1350 2968 1468 relinquo
2999 1377 3293 1442 sentire
3327 1416 3358 1457 ,
3388 1355 3622 1471 quod
3648 1386 3830 1448 ma..

1030 1477 1271 1566 luerit
1332 1473 1430 1561 de
1488 1470 2007 1589 synaloephis
2039 1532 2067 1572 ‚
2120 1496 2199 1560 et
2230 1469 2704 1560 elisionibus
2735 1470 3324 1568 submovendis
3360 1537 3388 1577 ,
3451 1477 3829 1590 quando·

1032 1598 1372 1714 quidem
1401 1595 1489 1681 in
1520 1588 1917 1682 breviario
1950 1593 2329 1679 Romano
2368 1588 2549 1676 licet
2581 1619 2749 1678 non
2797 1591 3268 1704 frequenter
3305 1622 3759 1685 occurrunt
3787 1659 3812 1683 .

1153 1743 1345 1829 250.
1406 1711 1837 1829 Quoniam
1866 1740 2059 1802 vero
2090 1710 2582 1827 quibusdam
2647 1712 2882 1801 novis
2933 1712 3261 1828 hymnis
3292 1714 3820 1832 Hymnodiam

1029 1833 1537 1954 Hispanicum
1579 1828 1833 1928 auxi,
1895 1860 2007 1915 an
2044 1829 2130 1914 id
2157 1829 2328 1916 fieri
2366 1853 2734 1946 oporteat
2760 1894 2790 1932 ,
2851 1831 3138 1945 quaeri
3170 1858 3429 1946 potest
3459 1893 3483 1917 .
3549 1833 3831 1948 siqui-

1035 1954 1219 2041 dem
1254 1950 1583 2070 plurimi
1612 1947 2168 2066 sapientissimi
2202 1950 2569 2036 homines
2624 1948 2708 2033 in
2773 1949 3055 2037 officiis
3083 1949 3428 2068 propriis
3476 1954 3830 2042 Sancto-

1032 2104 1219 2160 rum
1255 2074 1608 2185 hymnos
1663 2066 2036 2185 proprios
2094 2066 2321 2154 facile
2386 2066 2930 2157 admittendos
2967 2099 3128 2155 esse
3204 2096 3564 2185 negant.
3640 2071 3835 2160 Au-

1037 2192 1391 2278 diendus
1450 2214 1564 2276 est
1625 2185 2112 2273 Benedictus
2161 2184 2535 2272 Pontifex
2594 2189 2823 2273 xlv.
2854 2187 3336 2276 sententiam
3369 2252 3395 2288 ,
3454 2216 3533 2276 et
3580 2194 3832 2280 verba

1038 2307 1508 2404 Cardinalis
1543 2303 1999 2393 Bellarmini
2035 2304 2275 2420 allega
2289 2335 2385 2388 ns
2420 2366 2449 2405 ,
2514 2330 2600 2390 et
2627 2332 2732 2389 ex
2760 2306 2871 2392 eis
2899 2329 3246 2392 veterem
3277 2337 3614 2392 sensum
3645 2311 3828 2396 Sac.

1031 2428 1347 2515 rituum
1377 2421 2062 2541 Congregationis
2122 2422 2499 2541 colligens
2539 2419 2694 2542 (ι)
2721 2482 2746 2507 .
2819 2423 3103 2514 Verum
3151 2427 3361 2540 quod
3418 2423 3692 2512 attinet
3723 2429 3834 2514 ad

1016 2577 1383 2664 praesens
1406 2544 1838 2634 institutum
1875 2604 1903 2644 ,
1956 2569 2365 2660 utcumque
2420 2540 2526 2631 sit
2572 2546 2665 2628 de
2690 2543 3060 2659 exemplis
3088 2605 3117 2644 ,
3163 2574 3362 2660 quae
3391 2544 3476 2629 in
3511 2572 3832 2633 contra-

1021 2664 1226 2753 tium
1262 2697 1311 2751 a
1296 2666 1529 2781 fferri
1552 2681 1863 2784 possent
1889 2722 1919 2762 ‚
1979 2663 2262 2750 Sacrae
2298 2661 2616 2750 Rituum
2665 2661 3310 2780 Congregationis
3339 2663 3520 2751 olim
3555 2691 3828 2754 sensus

1016 2783 1190 2897 fuit
1212 2847 1241 2884 ‚
1297 2814 1396 2868 nc
1445 2781 1873 2899 peculiares
1909 2777 2199 2897 fierent
2258 2781 2773 2870 concessiones
2798 2846 2828 2884 ,
2892 2809 3081 2868 teste
3145 2786 3343 2875 Ven.
3395 2782 3555 2869 Dei
3584 2785 3832 2874 Servo

1024 2902 1423 2992 cardinali
1476 2901 1937 2989 Bellarmino
1994 2899 2079 2986 in
2124 2901 2470 3020 Epistola
2519 2933 2552 2988 1
2578 2932 2612 2984 1
2632 2915 2726 2987 2.'
2749 2900 3029 3016 scripta
3086 2905 3194 2989 ad
3223 2904 3636 3019 Gasparem
3665 2907 3837 2991 Ar-

1020 3021 1266 3137 chiepi
1273 3052 1581 3136 scopum
1613 3019 2140 3104 Arelatensem
2175 3081 2207 3119 ,
2263 3019 2347 3102 in
2394 3051 2549 3132 qua
2605 3023 2800 3103 hacc
2837 3023 3062 3104 habet
3100 3051 3305 3139 pag.
3347 3027 3547 3134 248.
3578 3053 3601 3105 ε
3636 3021 3826 3110 Non

1020 3140 1260 3225 solere
1290 3139 1359 3224 C
1352 3134 1984 3256 ongregationem
2018 3137 2438 3251 approbare
2470 3134 2714 3247 officia
2737 3138 3056 3252 propria
3091 3201 3122 3240 ‚
3186 3136 3524 3256 exceptis
3553 3139 3832 3230 lectio-

1025 3257 1256 3342 nibus
1284 3256 1597 3341 secundi
1648 3253 2009 3341 nocturni
2040 3313 2062 3338 .
2124 3253 2573 3371 Approbata
2621 3282 2806 3341 sunt
2835 3254 3134 3373 quidem
3181 3259 3603 3374 aliquando
3653 3259 3830 3374 offi-

1021 3374 1141 3464 cia
1195 3374 1510 3491 propria
1579 3373 1811 3462 etiarn
1854 3374 2117 3491 quoad
2166 3372 2624 3489 antiphonas
2649 3438 2679 3478 ‚
2733 3377 3052 3494 hymnos
3082 3443 3110 3481 ‚
3171 3377 3563 3467 orationes
3592 3442 3625 3481 ,
3695 3409 3832 3474 re·-³

1024 3494 1423 3610 spon-soria
1456 3558 1486 3596 ,
1541 3521 1620 3579 et
1645 3492 1799 3580 alia
1836 3520 1860 3577 ε
1897 3497 2035 3580 sed
2056 3492 2416 3613 quoniam
2478 3494 2713 3581 nimis
2761 3495 3367 3616 multiplicantur
3391 3497 3834 3612 hujusmodi

1022 3609 1273 3724 officia
1328 3613 1647 3730 propria
1685 3676 1713 3716 ,
1759 3612 2089 3700 decrevit
2138 3612 2662 3732 Congregatio
2689 3676 2719 3718 ,
2775 3613 3127 3736 deinceps
3179 3647 3337 3704 non
3397 3617 3830 3733 approbare.

1028 3730 1191 3830 nisi
1212 3731 1565 3819 lectiones
1579 3729 1933 3849 proprias
1956 3729 2268 3819 secundi
2294 3731 2680 3833 noctur-ni,
2706 3764 2903 3851 quae
2928 3756 3119 3821 sunt
3141 3739 3237 3822 de
3266 3734 3422 3822 vita
3442 3794 3474 3837 ‚
3502 3759 3580 3822 et
3605 3735 3856 3826 rebus·

1027 3850 1258 3968 gestis
1293 3852 1750 3938 Sanctorum
1781 3911 1811 3950 ,
1862 3848 1961 3935 de
1990 3849 2266 3968 quibus
2291 3869 2482 3937 tunc
2507 3851 2928 3943 celebratur
2950 3852 3280 3965 officium
3315 3912 3342 3942 .

1153 3997 1206 4055 2
1214 3998 1355 4083 51.
1417 3971 1874 4057 Fatendum
1908 3994 2025 4056 est
2052 4032 2084 4073 ,
2142 3997 2317 4055 non
2346 3998 2654 4088 semper
2707 3969 2796 4057 in
2829 3973 2986 4063 hoc
3017 4003 3262 4063 sensu
3296 4038 3328 4079 ,
3377 3994 3460 4061 et
3489 3968 3818 4066 decreto

1027 4089 1112 4175 S.
1152 4087 1900 4207 congregationem
1957 4089 2257 4177 stetisse
2289 4151 2322 4193 ,
2370 4118 2566 4177 cum
2619 4090 2854 4179 multi
2917 4093 3204 4201 hymni
3268 4096 3359 4182 in
3415 4087 3824 4184 breviario

1033 4208 1417 4294 Romano
1461 4235 1560 4294 ex
1598 4237 1697 4294 eo
1736 4235 2101 4328 tempore
2130 4208 2296 4298 sint
2325 4208 2606 4297 inserti
2645 4271 2668 4296 .
2732 4213 2909 4303 Nec
2942 4214 3309 4304 dubitare
3340 4215 3526 4302 licet
3547 4274 3580 4316 ,
3609 4211 3832 4326 quin

1035 4318 1613 4437 aequissimum
1673 4328 1828 4434 sit,
1880 4330 2237 4440 hymnos
2269 4389 2299 4431 ,
2364 4355 2615 4443 atque
2647 4325 2836 4419 alias
2868 4333 3116 4422 officii
3161 4359 3431 4448 partes
3459 4325 3828 4452 propria·

1030 4471 1183 4561 pro
1212 4438 1522 4529 Sanctis
1559 4446 1925 4534 Patronis
1972 4445 2381 4552 concedi,
2413 4475 2495 4540 et
2554 4479 2828 4570 reapse
2855 4453 3322 4572 frequenter
3373 4449 3828 4541 concedan-

1030 4583 1219 4667 tur3
1270 4562 1968 4674 quemadmodum
2024 4567 2311 4655 eodem
2374 4566 2558 4688 jure
2621 4570 3064 4690 Religiosae
3121 4570 3468 4660 familiae
3549 4563 3824 4672 officia

1030 4679 1354 4801 propria
1384 4682 1871 4769 Sanctorum
1916 4687 2495 4776 fundatorum
2553 4719 2604 4778 a
2657 4688 2994 4810 Congre
3049 4690 3324 4781 atione
3383 4687 3832 4809 approbati

1032 4821 1383 4891 exorant
1414 4864 1438 4888 .
1499 4804 1685 4888 Huc
1722 4800 1889 4890 fere
1933 4801 2287 4924 pertinet
2308 4804 2570 4932 prima
2607 4807 2936 4898 rubrica
2990 4723 3370 5022 ξὲενὶαὲἰί
3401 4842 3426 4902 ε
3461 4803 3832 4926 Officium·

3165 4955 3214 5018 e
3275 4955 3332 5022 2

1125 5065 1241 5158 (ι)
1288 5060 1519 5164 Lib-4.
1549 5063 1640 5139 de
1694 5062 1895 5146 Serv.
1926 5061 2077 5142 Dei
2108 5059 2373 5148 nmi‘f.
2416 5082 2493 5144 et
2516 5067 2796 5150 cnon.
2817 5067 3378 5172 parua-eapitu-
3410 5081 3686 5165 nun-fl,-
3706 5105 3734 5157 i

3462 5173 4439 5533 fl.
