5084 6234
694 859 775 919 100
1062 813 1220 901 {DE
1282 814 1638 902 HYM'NIS

686 960 898 1082 regenitus
916 973 1028 1046 anuo
1046 986 1173 1073 912.;
1205 956 1326 1041 Nilus
1358 954 1621 1042 Rossanensis
1643 984 1757 1044 anno
1772 958 1857 1072 980
1874 987 1912 1059 .;
1939 956 2073 1046 Mau»

686 1113 810 1200 topos
828 1075 1086 1192 Metropolita
1105 1074 1438 1162 Euchaichorum
1453 1074 1567 1158 anno
1590 1103 1642 1159 ιο
1647 1106 1716 1191 50·
1739 1076 1846 1161 ‚sed
1863 1078 1912 1163 dc
1927 1075 2073 1164 Theos-

688 1204 792 1288 doro
824 1195 1019 1291 Studita,
1048 1221 1170 1306 quem
1201 1191 1341 1280 leviter
1370 1189 1508 1304 attigi,
1537 1190 1654 1306 plura
1685 1194 1814 1285 videri
1838 1223 2009 1313 possunt
2025 1197 2075 1284 in
2174 1299 2180 1307 ¹

689 1322 843 1421 Iacobo
858 1310 1076 1400 Sirmondo
1091 1334 1184 1397 tom.
1201 1338 1240 1421 5.
1256 1340 1359 1426 oper.
1375 1369 1389 1407 ,
1421 1307 1493 1394 ubi
1503 1341 1603 1427 pag.
1622 1343 1720 1429 753.
1738 1332 1777 1399 et
1804 1344 1904 1430 seqq.
1919 1315 2074 1402 haben-

687 1469 757 1527 tur
775 1431 890 1521 multi
911 1429 1033 1520 iambi
1051 1430 1152 1516 sacri
1170 1491 1184 1531 ,
1202 1454 1241 1513 et
1250 1425 1641 1546 pag.169.Theodori
1653 1431 1831 1541 refutatio
1846 1494 1860 1532 ,
1876 1460 1915 1517 er
1926 1435 2073 1522 subver-

684 1556 743 1643 sio
759 1551 960 1671 impiorum
972 1568 1193 1666 poemorum
1212 1545 1575 1647 Chmscomochomm
1592 1551 1755 1645 Ioannis
1769 1549 2073 1665 ,'1gnotii,Ser·

681 1674 773 1795 gii,
802 1701 840 1758 et
855 1670 1037 1785 Stephani
1052 1668 1242 1784 ,primum
1262 1665 1411 1781 quidem
1428 1663 1593 1750 versibus
1603 1666 1693 1781 pori
1706 1696 1790 1753 cum
1803 1665 1899 1780 ipsis
1914 1700 2077 1759 numero

683 1791 864 1880 dimensis
879 1848 892 1886 ,
906 1786 1062 1905 aliisque
1079 1815 1091 1870 z
1106 1815 1186 1872 rum
1202 1784 1323 1871 soluto
1338 1782 1538 1868 oracione.
1560 1786 1613 1867 ln
1638 1784 1720 1874 vita
1742 1783 1922 1902 ejusdem
1936 1787 2074 1903 operi,

683 1913 764 2002 bus
778 1904 993 2024 praemissa
1012 1906 1143 2022 agitur
1161 1905 1209 1988 de
1229 1900 1332 1987 illius
1350 1899 1526 2013 Hymnis
1547 1960 1557 1984 .

697 2080 703 2098 ι
726 2120 730 2126 ,
752 2058 804 2112 12
808 2055 846 2137 5.
880 2023 967 2139 Qui
985 2051 1081 2111 vero
1109 2024 1157 2108 de
1174 2022 1410 2109 auctoribus
1434 2019 1687 2130 hymnorum
1706 2020 1826 2107 officii
1842 2022 2072 2139 quadrage-

685 2145 832 2233 simalis
850 2140 1042 2228 Graeciae
1059 2140 1309 2227 orthodoxae
1326 2138 1444 2255 plura
1474 2137 1574 2225 scire
1589 2138 1791 2240 voluerit,
1822 2141 1940 2227 adeat
1966 2141 2073 2232 duas

686 2262 936 2350 doctissimae
958 2259 1172 2350 -Diatribas
1194 2255 1428 2344 Cardinalis
1454 2253 1626 2368 Quirini
1650 2257 1700 2343 de
1733 2258 1811 2344 boc
1829 2287 2074 2369 argumento.

684 2406 778 2499 post
791 2380 1006 2465 laudatum
1021 2376 1205 2464 officium
1221 2372 1562 2491 quadragesimale
1579 2376 1632 2463 ab
1646 2404 1695 2464 eo
1711 2375 1965 2493 recognitum
1981 2378 2072 2462 edi⁴

685 2523 777 2587 tas.
803 2496 973 2586 Fabricii
991 2496 1211 2611 *quaedam
1247 2516 1376 2578 errata
1409 2490 1630 2577 emendans
1661 2495 1829 2611 exponit
1861 2493 2076 2611 diligenter

688 2642 889 2715 aetatem,
916 2614 1065 2714 vitam,
1096 2642 1156 2697 res
1171 2634 1295 2728 gestas
1308 2609 1517 2695 Theodori
1545 2611 1758 2712 studitae,
1789 2613 1950 2728 losephi
1977 2615 2080 2700 Stu-

691 2734 825 2833 ditae,
852 2732 925 2846 qui
955 2729 1163 2816 Theodori
1196 2758 1413 2845 germanus
1441 2726 1564 2812 frater
1582 2725 1692 2831 luit,
1719 2729 1880 2816 alterius
1911 2732 2076 2848 losephi

686 2848 1278 2968 Hymnographi'nuncupati,
1309 2843 1480 2946 loannis
1500 2845 1772 2949 Damasceni,
1807 2849 2073 2963 Theophanis

688 2969 855 3087 Graptis
897 2967 1087 3055 Nicaeni'
1123 2963 1354 3085 Episcopi,
1390 2963 1581 3050 Andreae
1627 2965 1863 3067 Cretensis,
1897 2964 2075 3053 Cosmae

688 3087 871 3200 aequalis
889 3088 1140 3174 Damascene
1157 3084 1318 3189 ,Marci
1333 3080 1520 3202 Episcopi
1551 3084 1809 3196 Hydruntini
1838 3088 1917 3173 sub
1931 3089 2084 3176 Leone.

687 3205 903 3322 sapiente,
932 3203 1078 3290 Casiae
1097 3231 1274 3320 tempore
1298 3200 1509 3292 Michaelis
1539 3203 1680 3303 Balbi,
1709 3204 1783 3318 qui
1814 3235 1954 3292 omnes
1972 3204 2074 3292 trio-

690 3322 758 3408 dia
778 3348 1087 3438 composuerant
1120 3324 1165 3407 in
1185 3318 1510 3437 Quadragesima
1540 3322 1696 3407 cantari
1715 3321 1829 3408 solita
1852 3352 1864 3405 t
1883 3321 2077 3408 nonnulli

690 3470 740 3529 ex
769 3440 864 3542 his,
895 3465 935 3528 et
963 3464 1055 3524 ente
1086 3470 1154 3527 eos
1187 3444 1398 3525 Romanus
1447 3434 1491 3518 in
1538 3437 1732 3527 contaciis
1776 3441 2077 3544 elaborarunt.

691 3557 868 3673 Quaerit
881 3558 1004 3644 etiam
1020 3558 1204 3645 eruditus
1232 3553 1496 3654 Cardinalis,
1525 3557 1796 3658 versibusne,
1824 3557 1962 3671 etquo
1978 3583 2072 3646 ver·

690 3703 815 3762 suum
844 3705 988 3794 genere
1014 3675 1201 3764 conditae
1234 3678 1321 3764 sint
1351 3675 1454 3762 odae
1470 3673 1861 3764 officiiecclesiastici
1893 3676 2075 3791 Graeco-

688 3821 782 3880 rum
795 3826 816 3897 3·
842 3794 910 3881 cui
927 3795 1157 3910 quaestioni
1188 3795 1320 3883 lucem
1336 3787 1580 3912 praetulerat
1595 3793 1953 3911 Wangnereclrius
1970 3792 2045 3908 (1)
2060 3854 2074 3879 .

652 4004 656 4011 ,
688 3910 869 4024 Uterque
900 3915 1136 4028 propendet
1152 3912 1197 3997 in
1222 3911 1466 4001 sententiam
1498 3909 1702 4026 aientem,
1735 3916 1845 3998 haec·
1882 3909 2074 4030 pleraque

693 4026 855 4117 cantica
873 4030 1059 4117 oratione
1074 4059 1194 4147 prosa
1211 4059 1292 4119 esse
1307 4026 1535 4146 conscripta
1555 4028 1576 4143 (
1600 4028 1652 4144 ).

743 4314 800 4406 (r)
825 4308 864 4422 ln
884 4307 1138 4407 prolegomenis
1167 4316 1207 4386 ad
1237 4309 1352 4391 Plete·
1421 4320 1517 4404 oda,
1547 4312 1690 4414 quiquid
1715 4330 1872 4391 cantatur
1899 4364 1966 4393 ..0
1996 4310 2073 4392 Sul·

694 4422 765 4487 tem
775 4409 959 4481 Martenam
974 4413 1188 4485 Graecorum
1200 4437 1349 4505 num.3r·
1420 4423 1479 4492 das
1494 4419 1565 4499 ait,
1582 4419 1615 4488 S.
1628 4419 1790 4503 loannem
1807 4417 2074 4499 Damascenutm

742 4517 793 4598 (a)
818 4508 925 4581 Aliud
939 4513 1168 4597 reponendum
1191 4534 1257 4581 non
1288 4519 1350 4584 ha*
1422 4518 1472 4590 uri
1490 4535 1524 4587 et
1549 4518 1620 4599 eius
1648 4515 1831 4615 Collegam
1861 4517 1895 4588 S.
1910 4517 2075 4589 Cosmum

680 4601 787 4715 2h50,
811 4596 921 4699 inquit
947 4604 1237 4704 Wangnereclcius
1269 4594 1347 4682 loco
1420 4614 1792 4710 Hierosolymitanum
1805 4613 1996 4688 condidisse
2008 4615 2080 4685 Ces

690 4714 824 4782 creato,
850 4720 950 4796 quam
984 4706 1062 4779 ideo
1081 4706 1195 4781 vocati
1227 4705 1345 4779 orara
1418 4720 1521 4785 nones
1537 4701 1685 4787 musicos
1699 4720 1772 4787 tum
1794 4711 1942 4784 carmine
1957 4706 2077 4782 iambi·

692 4796 857 4879 Graecis,
871 4805 963 4891 quod
980 4803 1013 4875 in
1027 4812 1180 4898 strophas
1195 4805 1350 4878 dividan-
1422 4834 1465 4882 co
1477 4811 1650 4903 scriptos,
1674 4831 1746 4884 tom
1763 4810 1915 4880 oratione
1932 4808 2071 4878 soluta.

692 4914 753 4970 tur
768 4895 960 4969 imitatione
973 4906 1138 4988 odarum3
1153 4926 1231 4978 cum
1247 4926 1350 4995 prae·
1418 4903 1501 4980 Non
1528 4910 1673 5001 proinde
1687 4903 1881 4997 ambigam,
1909 4906 2076 4978 Menaen-

694 4994 810 5071 sertim
845 5017 887 5068 erc
918 5019 982 5071 usu
1016 4999 1152 5093 vulgari
1180 5002 1351 5099 significet
1418 5006 1703 5081 ruminnumeras
1732 5000 1858 5084 ouo,
1885 5002 1920 5075 in
1947 5002 2073 5103 quibus
