<?xml version="1.0" encoding="UTF-8"?>
<!DOCTYPE html PUBLIC "-//W3C//DTD XHTML 1.0 Transitional//EN"
    "http://www.w3.org/TR/xhtml1/DTD/xhtml1-transitional.dtd">
<html xmlns="http://www.w3.org/1999/xhtml" xml:lang="en" lang="en">
 <head>
  <title>
</title>
<meta http-equiv="Content-Type" content="text/html;charset=utf-8" />
  <meta name='ocr-system' content='tesseract 3.04.00' />
  <meta name='ocr-capabilities' content='ocr_page ocr_carea ocr_par ocr_line ocrx_word'/>
</head>
<body>
  <div class='ocr_page' id='page_1' title='image "./hymnodiahispani00argoog/hymnodiahispani00argoog_0112.png"; bbox 0 0 5084 6234; ppageno 0'>
   <div class='ocr_carea' id='block_1_1' title="bbox 693 781 1636 935">
    <p class='ocr_par' dir='ltr' id='par_1_1' title="bbox 693 781 1636 935">
     <span class='ocr_line' id='line_1_1' title="bbox 693 781 1636 935; baseline -0.004 -31"><span class='ocrx_word' id='word_1_1' title='bbox 693 781 750 935; x_wconf 56' lang='grc' dir='ltr'><em>ῲ</em></span> <span class='ocrx_word' id='word_1_2' title='bbox 922 824 929 836; x_wconf 93' lang='grc'><em>·</em></span> <span class='ocrx_word' id='word_1_3' title='bbox 1107 808 1636 901; x_wconf 78' lang='lat' dir='ltr'>nsnrunrs</span> 
     </span>
    </p>
   </div>
   <div class='ocr_carea' id='block_1_2' title="bbox 687 951 2183 4716">
    <p class='ocr_par' dir='ltr' id='par_1_2' title="bbox 694 951 2183 1780">
     <span class='ocr_line' id='line_1_2' title="bbox 694 951 2070 1072; baseline -0.001 -30"><span class='ocrx_word' id='word_1_4' title='bbox 694 951 991 1042; x_wconf 85' lang='lat' dir='ltr'>Mediolanensi</span> <span class='ocrx_word' id='word_1_5' title='bbox 1007 982 1109 1071; x_wconf 90' lang='lat' dir='ltr'>pene</span> <span class='ocrx_word' id='word_1_6' title='bbox 1129 983 1268 1040; x_wconf 87' lang='lat' dir='ltr'>omnes</span> <span class='ocrx_word' id='word_1_7' title='bbox 1287 955 1382 1040; x_wconf 90' lang='lat' dir='ltr'>alias</span> <span class='ocrx_word' id='word_1_8' title='bbox 1399 955 1616 1041; x_wconf 89' lang='lat' dir='ltr'>occidentis</span> <span class='ocrx_word' id='word_1_9' title='bbox 1634 951 1824 1042; x_wconf 76' lang='lat' dir='ltr'>Ecclesiae</span> <span class='ocrx_word' id='word_1_10' title='bbox 1841 951 2070 1072; x_wconf 76' lang='lat' dir='ltr'>pervasisse,</span> 
     </span>
     <span class='ocr_line' id='line_1_3' title="bbox 695 1071 2073 1188; baseline 0 -33"><span class='ocrx_word' id='word_1_11' title='bbox 695 1071 818 1184; x_wconf 89' lang='lat' dir='ltr'>idque</span> <span class='ocrx_word' id='word_1_12' title='bbox 834 1074 965 1187; x_wconf 88' lang='lat' dir='ltr'>ipsum</span> <span class='ocrx_word' id='word_1_13' title='bbox 980 1071 1128 1158; x_wconf 85' lang='lat' dir='ltr'>latetur</span> <span class='ocrx_word' id='word_1_14' title='bbox 1155 1075 1194 1156; x_wconf 89' lang='lat' dir='ltr'>S.</span> <span class='ocrx_word' id='word_1_15' title='bbox 1212 1072 1388 1158; x_wconf 88' lang='lat' dir='ltr'>Isidorus</span> <span class='ocrx_word' id='word_1_16' title='bbox 1406 1073 1505 1188; x_wconf 90' lang='lat'><strong>(1).</strong></span> <span class='ocrx_word' id='word_1_17' title='bbox 1542 1073 1582 1156; x_wconf 91' lang='lat' dir='ltr'>Si</span> <span class='ocrx_word' id='word_1_18' title='bbox 1601 1097 1734 1156; x_wconf 90' lang='lat' dir='ltr'>autem</span> <span class='ocrx_word' id='word_1_19' title='bbox 1750 1098 1829 1161; x_wconf 86' lang='lat' dir='ltr'>tota</span> <span class='ocrx_word' id='word_1_20' title='bbox 1848 1136 1862 1175; x_wconf 94' lang='lat'>,</span> <span class='ocrx_word' id='word_1_21' title='bbox 1893 1101 1974 1186; x_wconf 92' lang='lat' dir='ltr'>qua</span> <span class='ocrx_word' id='word_1_22' title='bbox 1994 1073 2073 1158; x_wconf 88' lang='lat' dir='ltr'>late</span> 
     </span>
     <span class='ocr_line' id='line_1_4' title="bbox 696 1190 2183 1305; baseline -0.001 -34"><span class='ocrx_word' id='word_1_23' title='bbox 696 1215 807 1305; x_wconf 89' lang='lat' dir='ltr'>paret</span> <span class='ocrx_word' id='word_1_24' title='bbox 824 1254 837 1292; x_wconf 98' lang='lat'>,</span> <span class='ocrx_word' id='word_1_25' title='bbox 857 1190 1051 1305; x_wconf 83' lang='lat' dir='ltr'>Hispania</span> <span class='ocrx_word' id='word_1_26' title='bbox 1080 1192 1132 1277; x_wconf 93' lang='lat' dir='ltr'>ab</span> <span class='ocrx_word' id='word_1_27' title='bbox 1151 1191 1537 1277; x_wconf 87' lang='lat' dir='ltr'>hacconsuetudine</span> <span class='ocrx_word' id='word_1_28' title='bbox 1564 1191 1863 1293; x_wconf 82' lang='lat' dir='ltr'>abhorruisset,</span> <span class='ocrx_word' id='word_1_29' title='bbox 1895 1218 1981 1271; x_wconf 91' lang='lat' dir='ltr'>non</span> <span class='ocrx_word' id='word_1_30' title='bbox 1996 1219 2073 1302; x_wconf 86' lang='lat' dir='ltr'>po·</span> <span class='ocrx_word' id='word_1_31' title='bbox 2129 1198 2141 1213; x_wconf 80' lang='grc'><strong>“</strong></span> <span class='ocrx_word' id='word_1_32' title='bbox 2178 1197 2183 1201; x_wconf 71' lang='grc'><strong>“</strong></span> 
     </span>
     <span class='ocr_line' id='line_1_5' title="bbox 696 1305 2069 1423; baseline -0.001 -32"><span class='ocrx_word' id='word_1_33' title='bbox 696 1305 836 1393; x_wconf 85' lang='lat' dir='ltr'>ruisset</span> <span class='ocrx_word' id='word_1_34' title='bbox 860 1337 905 1392; x_wconf 88' lang='lat' dir='ltr'>ea</span> <span class='ocrx_word' id='word_1_35' title='bbox 924 1306 1085 1391; x_wconf 85' lang='lat' dir='ltr'>assertio</span> <span class='ocrx_word' id='word_1_36' title='bbox 1111 1308 1279 1423; x_wconf 88' lang='lat' dir='ltr'>proferri</span> <span class='ocrx_word' id='word_1_37' title='bbox 1300 1311 1351 1395; x_wconf 88' lang='lat' dir='ltr'>ab</span> <span class='ocrx_word' id='word_1_38' title='bbox 1370 1307 1481 1407; x_wconf 90' lang='lat' dir='ltr'>aliis,</span> <span class='ocrx_word' id='word_1_39' title='bbox 1500 1307 1625 1392; x_wconf 90' lang='lat' dir='ltr'>multo</span> <span class='ocrx_word' id='word_1_40' title='bbox 1639 1338 1734 1396; x_wconf 87' lang='lat' dir='ltr'>vero</span> <span class='ocrx_word' id='word_1_41' title='bbox 1754 1309 1889 1395; x_wconf 92' lang='lat' dir='ltr'>minus</span> <span class='ocrx_word' id='word_1_42' title='bbox 1906 1336 1928 1390; x_wconf 93' lang='lat' dir='ltr'>a</span> <span class='ocrx_word' id='word_1_43' title='bbox 1945 1309 1985 1391; x_wconf 84' lang='lat' dir='ltr'>S.</span> <span class='ocrx_word' id='word_1_44' title='bbox 2001 1307 2069 1391; x_wconf 91' lang='lat' dir='ltr'>lsi·</span> 
     </span>
     <span class='ocr_line' id='line_1_6' title="bbox 694 1423 2069 1540; baseline 0.001 -33"><span class='ocrx_word' id='word_1_45' title='bbox 694 1423 935 1537; x_wconf 84' lang='lat' dir='ltr'>doro,quem</span> <span class='ocrx_word' id='word_1_46' title='bbox 956 1453 1015 1511; x_wconf 86' lang='lat' dir='ltr'>res</span> <span class='ocrx_word' id='word_1_47' title='bbox 1035 1423 1278 1540; x_wconf 87' lang='lat' dir='ltr'>Hispanicae</span> <span class='ocrx_word' id='word_1_48' title='bbox 1295 1425 1457 1509; x_wconf 89' lang='lat' dir='ltr'>minime</span> <span class='ocrx_word' id='word_1_49' title='bbox 1474 1424 1670 1513; x_wconf 89' lang='lat' dir='ltr'>latebant.</span> <span class='ocrx_word' id='word_1_50' title='bbox 1692 1426 1939 1524; x_wconf 77' lang='lat' dir='ltr'>Prudentius</span> <span class='ocrx_word' id='word_1_51' title='bbox 1957 1453 2069 1538; x_wconf 87' lang='lat' dir='ltr'>saepe</span> 
     </span>
     <span class='ocr_line' id='line_1_7' title="bbox 699 1528 2070 1656; baseline -0.001 -31"><span class='ocrx_word' id='word_1_52' title='bbox 699 1528 865 1629; x_wconf 74' lang='lat' dir='ltr'>cantum</span> <span class='ocrx_word' id='word_1_53' title='bbox 883 1545 1161 1656; x_wconf 87' lang='lat' dir='ltr'>hymnorum,</span> <span class='ocrx_word' id='word_1_54' title='bbox 1177 1541 1453 1655; x_wconf 89' lang='lat' dir='ltr'>rationemque</span> <span class='ocrx_word' id='word_1_55' title='bbox 1470 1542 1685 1643; x_wconf 85' lang='lat' dir='ltr'>describit,</span> <span class='ocrx_word' id='word_1_56' title='bbox 1715 1544 1775 1631; x_wconf 93' lang='lat' dir='ltr'>uti</span> <span class='ocrx_word' id='word_1_57' title='bbox 1791 1544 1834 1628; x_wconf 92' lang='lat' dir='ltr'>in</span> <span class='ocrx_word' id='word_1_58' title='bbox 1852 1546 2008 1653; x_wconf 92' lang='lat' dir='ltr'>hymno</span> <span class='ocrx_word' id='word_1_59' title='bbox 2022 1541 2070 1623; x_wconf 88' lang='lat' dir='ltr'>de</span> 
     </span>
     <span class='ocr_line' id='line_1_8' title="bbox 695 1657 1733 1780; baseline 0.004 -40"><span class='ocrx_word' id='word_1_60' title='bbox 695 1657 763 1742; x_wconf 89' lang='lat' dir='ltr'>SS.</span> <span class='ocrx_word' id='word_1_61' title='bbox 784 1663 1031 1764; x_wconf 78' lang='lat' dir='ltr'>fructuoso,</span> <span class='ocrx_word' id='word_1_62' title='bbox 1049 1659 1266 1777; x_wconf 83' lang='lat' dir='ltr'>Augurio,</span> <span class='ocrx_word' id='word_1_63' title='bbox 1282 1685 1322 1744; x_wconf 88' lang='lat' dir='ltr'>et</span> <span class='ocrx_word' id='word_1_64' title='bbox 1339 1659 1508 1776; x_wconf 85' lang='lat' dir='ltr'>Eulogio</span> <span class='ocrx_word' id='word_1_65' title='bbox 1521 1659 1621 1776; x_wconf 89' lang='lat'><strong>(2).</strong></span> <span class='ocrx_word' id='word_1_66' title='bbox 1687 1736 1689 1739; x_wconf 94' lang='lat'><strong>.</strong></span> <span class='ocrx_word' id='word_1_67' title='bbox 1730 1775 1733 1780; x_wconf 21' lang='grc' dir='ltr'><strong><em>Ι</em></strong></span> 
     </span>
    </p>

    <p class='ocr_par' dir='ltr' id='par_1_3' title="bbox 932 1780 1731 1890">
     <span class='ocr_line' id='line_1_9' title="bbox 932 1780 1731 1890; baseline -0.003 -24"><span class='ocrx_word' id='word_1_68' title='bbox 932 1780 1178 1867; x_wconf 90' lang='lat' dir='ltr'>Circumstet</span> <span class='ocrx_word' id='word_1_69' title='bbox 1202 1780 1351 1863; x_wconf 88' lang='lat' dir='ltr'>chorus</span> <span class='ocrx_word' id='word_1_70' title='bbox 1367 1809 1416 1864; x_wconf 84' lang='lat' dir='ltr'>ex</span> <span class='ocrx_word' id='word_1_71' title='bbox 1442 1805 1615 1890; x_wconf 89' lang='lat' dir='ltr'>utroque</span> <span class='ocrx_word' id='word_1_72' title='bbox 1631 1808 1731 1864; x_wconf 84' lang='lat' dir='ltr'>sexu</span> 
     </span>
    </p>

    <p class='ocr_par' dir='ltr' id='par_1_4' title="bbox 925 1897 1767 2012">
     <span class='ocr_line' id='line_1_10' title="bbox 925 1897 1767 2012; baseline -0.004 -28"><span class='ocrx_word' id='word_1_73' title='bbox 925 1904 1082 1997; x_wconf 90' lang='lat' dir='ltr'>Heros,</span> <span class='ocrx_word' id='word_1_74' title='bbox 1115 1897 1227 2012; x_wconf 84' lang='lat' dir='ltr'>virgo</span> <span class='ocrx_word' id='word_1_75' title='bbox 1247 1952 1260 1990; x_wconf 93' lang='lat'>‚</span> <span class='ocrx_word' id='word_1_76' title='bbox 1281 1925 1382 2010; x_wconf 89' lang='lat' dir='ltr'>puer</span> <span class='ocrx_word' id='word_1_77' title='bbox 1402 1958 1415 1997; x_wconf 89' lang='lat'>,</span> <span class='ocrx_word' id='word_1_78' title='bbox 1440 1923 1561 1979; x_wconf 81' lang='lat' dir='ltr'>senex</span> <span class='ocrx_word' id='word_1_79' title='bbox 1577 1958 1590 1996; x_wconf 93' lang='lat'>,</span> <span class='ocrx_word' id='word_1_80' title='bbox 1607 1898 1767 1998; x_wconf 92' lang='lat' dir='ltr'>anicla,</span> 
     </span>
    </p>

    <p class='ocr_par' dir='ltr' id='par_1_5' title="bbox 928 2012 1691 2129">
     <span class='ocr_line' id='line_1_11' title="bbox 928 2012 1691 2129; baseline -0.003 -30"><span class='ocrx_word' id='word_1_81' title='bbox 928 2019 1123 2099; x_wconf 89' lang='lat' dir='ltr'>Vestrum</span> <span class='ocrx_word' id='word_1_82' title='bbox 1139 2012 1288 2129; x_wconf 84' lang='lat' dir='ltr'>psallite</span> <span class='ocrx_word' id='word_1_83' title='bbox 1306 2012 1377 2097; x_wconf 85' lang='lat' dir='ltr'>rite</span> <span class='ocrx_word' id='word_1_84' title='bbox 1394 2017 1423 2096; x_wconf 91' lang='lat' dir='ltr'>F</span> <span class='ocrx_word' id='word_1_85' title='bbox 1425 2037 1691 2115; x_wconf 89' lang='lat' dir='ltr'>ructuosum,</span> 
     </span>
    </p>

    <p class='ocr_par' dir='ltr' id='par_1_6' title="bbox 930 2130 1776 2245">
     <span class='ocr_line' id='line_1_12' title="bbox 930 2130 1776 2245; baseline -0.006 -24"><span class='ocrx_word' id='word_1_86' title='bbox 930 2131 1124 2221; x_wconf 79' lang='lat' dir='ltr'>Laudans</span> <span class='ocrx_word' id='word_1_87' title='bbox 1140 2130 1376 2245; x_wconf 82' lang='lat' dir='ltr'>Augurium</span> <span class='ocrx_word' id='word_1_88' title='bbox 1392 2130 1549 2215; x_wconf 87' lang='lat' dir='ltr'>resultet</span> <span class='ocrx_word' id='word_1_89' title='bbox 1565 2134 1745 2242; x_wconf 88' lang='lat' dir='ltr'>hymnus</span> <span class='ocrx_word' id='word_1_90' title='bbox 1761 2192 1776 2232; x_wconf 87' lang='lat'>,</span> 
     </span>
    </p>

    <p class='ocr_par' dir='ltr' id='par_1_7' title="bbox 928 2246 1730 2362">
     <span class='ocr_line' id='line_1_13' title="bbox 928 2246 1730 2362; baseline -0.001 -27"><span class='ocrx_word' id='word_1_91' title='bbox 928 2249 1078 2335; x_wconf 87' lang='lat' dir='ltr'>Multis</span> <span class='ocrx_word' id='word_1_92' title='bbox 1091 2247 1308 2362; x_wconf 83' lang='lat' dir='ltr'>Eulogium</span> <span class='ocrx_word' id='word_1_93' title='bbox 1327 2246 1456 2332; x_wconf 87' lang='lat' dir='ltr'>modis</span> <span class='ocrx_word' id='word_1_94' title='bbox 1472 2276 1730 2360; x_wconf 88' lang='lat' dir='ltr'>coaequans,</span> 
     </span>
    </p>

    <p class='ocr_par' dir='ltr' id='par_1_8' title="bbox 928 2366 1730 2483">
     <span class='ocr_line' id='line_1_14' title="bbox 928 2366 1730 2483; baseline -0.002 -31"><span class='ocrx_word' id='word_1_95' title='bbox 928 2367 1163 2453; x_wconf 86' lang='lat' dir='ltr'>Reddamus</span> <span class='ocrx_word' id='word_1_96' title='bbox 1177 2366 1345 2481; x_wconf 89' lang='lat' dir='ltr'>paribus</span> <span class='ocrx_word' id='word_1_97' title='bbox 1360 2393 1473 2483; x_wconf 87' lang='lat' dir='ltr'>pares</span> <span class='ocrx_word' id='word_1_98' title='bbox 1489 2394 1703 2450; x_wconf 88' lang='lat' dir='ltr'>camoenas</span> <span class='ocrx_word' id='word_1_99' title='bbox 1719 2426 1730 2449; x_wconf 91' lang='lat'><strong>.</strong></span> 
     </span>
    </p>

    <p class='ocr_par' dir='ltr' id='par_1_9' title="bbox 929 2483 1753 2586">
     <span class='ocr_line' id='line_1_15' title="bbox 929 2483 1753 2586; baseline -0.002 -18"><span class='ocrx_word' id='word_1_100' title='bbox 929 2484 1036 2570; x_wconf 90' lang='lat' dir='ltr'>Hinc</span> <span class='ocrx_word' id='word_1_101' title='bbox 1053 2510 1194 2570; x_wconf 91' lang='lat' dir='ltr'>aurata</span> <span class='ocrx_word' id='word_1_102' title='bbox 1211 2510 1358 2569; x_wconf 90' lang='lat' dir='ltr'>sonent</span> <span class='ocrx_word' id='word_1_103' title='bbox 1375 2483 1417 2564; x_wconf 92' lang='lat' dir='ltr'>in</span> <span class='ocrx_word' id='word_1_104' title='bbox 1436 2511 1525 2567; x_wconf 90' lang='lat' dir='ltr'>arce</span> <span class='ocrx_word' id='word_1_105' title='bbox 1542 2508 1643 2569; x_wconf 92' lang='lat' dir='ltr'>tecta</span> <span class='ocrx_word' id='word_1_106' title='bbox 1661 2545 1675 2581; x_wconf 92' lang='lat'>,</span> <span class='ocrx_word' id='word_1_107' title='bbox 1732 2552 1753 2586; x_wconf 35' lang='grc' dir='ltr'>χ</span> 
     </span>
    </p>

    <p class='ocr_par' dir='ltr' id='par_1_10' title="bbox 929 2599 1780 2686">
     <span class='ocr_line' id='line_1_16' title="bbox 929 2599 1780 2686; baseline 0.004 -4"><span class='ocrx_word' id='word_1_108' title='bbox 929 2599 1132 2685; x_wconf 90' lang='lat' dir='ltr'>Blandum</span> <span class='ocrx_word' id='word_1_109' title='bbox 1150 2600 1292 2685; x_wconf 91' lang='lat' dir='ltr'>littoris</span> <span class='ocrx_word' id='word_1_110' title='bbox 1309 2626 1414 2686; x_wconf 84' lang='lat' dir='ltr'>extet</span> <span class='ocrx_word' id='word_1_111' title='bbox 1438 2599 1532 2683; x_wconf 87' lang='lat' dir='ltr'>inde</span> <span class='ocrx_word' id='word_1_112' title='bbox 1558 2630 1744 2685; x_wconf 91' lang='lat' dir='ltr'>murmur</span> <span class='ocrx_word' id='word_1_113' title='bbox 1762 2600 1780 2685; x_wconf 56' lang='lat'>.‘</span> 
     </span>
    </p>

    <p class='ocr_par' dir='ltr' id='par_1_11' title="bbox 687 2716 2078 4716">
     <span class='ocr_line' id='line_1_17' title="bbox 926 2716 2063 2834; baseline -0.003 -34"><span class='ocrx_word' id='word_1_114' title='bbox 926 2718 979 2804; x_wconf 85' lang='lat' dir='ltr'>Et</span> <span class='ocrx_word' id='word_1_115' title='bbox 994 2746 1155 2802; x_wconf 89' lang='lat' dir='ltr'>carmen</span> <span class='ocrx_word' id='word_1_116' title='bbox 1172 2716 1270 2802; x_wconf 83' lang='lat' dir='ltr'>freta</span> <span class='ocrx_word' id='word_1_117' title='bbox 1287 2717 1428 2802; x_wconf 84' lang='lat' dir='ltr'>feriata</span> <span class='ocrx_word' id='word_1_118' title='bbox 1444 2745 1655 2834; x_wconf 84' lang='lat' dir='ltr'>pangant.</span> <span class='ocrx_word' id='word_1_119' title='bbox 2058 2768 2063 2797; x_wconf 68' lang='lat'>2</span> 
     </span>
     <span class='ocr_line' id='line_1_18' title="bbox 715 2831 2074 2953; baseline 0 -32"><span class='ocrx_word' id='word_1_120' title='bbox 715 2847 718 2849; x_wconf 73' lang='grc'>’</span> <span class='ocrx_word' id='word_1_121' title='bbox 756 2864 850 2953; x_wconf 75' lang='lat'>1¹4·</span> <span class='ocrx_word' id='word_1_122' title='bbox 870 2834 944 2919; x_wconf 92' lang='lat' dir='ltr'>His</span> <span class='ocrx_word' id='word_1_123' title='bbox 963 2834 1121 2921; x_wconf 80' lang='lat' dir='ltr'>accedit</span> <span class='ocrx_word' id='word_1_124' title='bbox 1138 2833 1371 2949; x_wconf 81' lang='lat' dir='ltr'>conjectura</span> <span class='ocrx_word' id='word_1_125' title='bbox 1388 2836 1598 2950; x_wconf 85' lang='lat' dir='ltr'>desumpta</span> <span class='ocrx_word' id='word_1_126' title='bbox 1616 2865 1664 2922; x_wconf 75' lang='lat' dir='ltr'>ex</span> <span class='ocrx_word' id='word_1_127' title='bbox 1682 2831 1839 2922; x_wconf 89' lang='lat' dir='ltr'>Ordine</span> <span class='ocrx_word' id='word_1_128' title='bbox 1857 2835 2074 2923; x_wconf 87' lang='lat' dir='ltr'>monacha·</span> 
     </span>
     <span class='ocr_line' id='line_1_19' title="bbox 690 2950 2070 3069; baseline -0.004 -27"><span class='ocrx_word' id='word_1_129' title='bbox 690 2956 719 3044; x_wconf 90' lang='lat' dir='ltr'>li</span> <span class='ocrx_word' id='word_1_130' title='bbox 734 2958 774 3041; x_wconf 85' lang='lat' dir='ltr'>S.</span> <span class='ocrx_word' id='word_1_131' title='bbox 792 2951 997 3041; x_wconf 90' lang='lat' dir='ltr'>Benedicti</span> <span class='ocrx_word' id='word_1_132' title='bbox 1010 2954 1053 3038; x_wconf 93' lang='lat' dir='ltr'>in</span> <span class='ocrx_word' id='word_1_133' title='bbox 1072 2952 1306 3069; x_wconf 84' lang='lat' dir='ltr'>Hispaniis.</span> <span class='ocrx_word' id='word_1_134' title='bbox 1341 2950 1606 3039; x_wconf 87' lang='lat' dir='ltr'>Mabillonius</span> <span class='ocrx_word' id='word_1_135' title='bbox 1619 2953 1692 3068; x_wconf 87' lang='lat'>(3)</span> <span class='ocrx_word' id='word_1_136' title='bbox 1707 3017 1734 3054; x_wconf 92' lang='lat'><strong>„</strong></span> <span class='ocrx_word' id='word_1_137' title='bbox 1753 2953 1976 3055; x_wconf 80' lang='lat' dir='ltr'>Idunum,</span> <span class='ocrx_word' id='word_1_138' title='bbox 2005 2954 2070 3036; x_wconf 88' lang='lat' dir='ltr'>in·</span> 
     </span>
     <span class='ocr_line' id='line_1_20' title="bbox 691 3069 2073 3189; baseline -0.004 -30"><span class='ocrx_word' id='word_1_139' title='bbox 691 3134 720 3179; x_wconf 89' lang='lat'>„</span> <span class='ocrx_word' id='word_1_140' title='bbox 750 3074 866 3189; x_wconf 66' lang='lat' dir='ltr'>quit,</span> <span class='ocrx_word' id='word_1_141' title='bbox 906 3072 1053 3158; x_wconf 88' lang='lat' dir='ltr'>addere</span> <span class='ocrx_word' id='word_1_142' title='bbox 1068 3071 1215 3188; x_wconf 87' lang='lat' dir='ltr'>juvat,</span> <span class='ocrx_word' id='word_1_143' title='bbox 1235 3069 1459 3169; x_wconf 62' lang='lat' dir='ltr'>⁴Leandri,</span> <span class='ocrx_word' id='word_1_144' title='bbox 1492 3072 1665 3167; x_wconf 77' lang='lat' dir='ltr'>lsidorI,</span> <span class='ocrx_word' id='word_1_145' title='bbox 1696 3099 1734 3159; x_wconf 92' lang='lat' dir='ltr'>et</span> <span class='ocrx_word' id='word_1_146' title='bbox 1757 3073 1969 3159; x_wconf 82' lang='lat' dir='ltr'>Fructuosi</span> <span class='ocrx_word' id='word_1_147' title='bbox 1998 3075 2073 3155; x_wconf 88' lang='lat' dir='ltr'>Be·</span> 
     </span>
     <span class='ocr_line' id='line_1_21' title="bbox 691 3188 2071 3310; baseline -0.002 -34"><span class='ocrx_word' id='word_1_148' title='bbox 691 3243 721 3294; x_wconf 89' lang='lat'><strong>„</strong></span> <span class='ocrx_word' id='word_1_149' title='bbox 749 3192 863 3310; x_wconf 83' lang='lat' dir='ltr'>gulas</span> <span class='ocrx_word' id='word_1_150' title='bbox 879 3191 1098 3275; x_wconf 87' lang='lat' dir='ltr'>censendas</span> <span class='ocrx_word' id='word_1_151' title='bbox 1116 3218 1195 3273; x_wconf 88' lang='lat' dir='ltr'>esse</span> <span class='ocrx_word' id='word_1_152' title='bbox 1215 3190 1350 3302; x_wconf 90' lang='lat' dir='ltr'>potius</span> <span class='ocrx_word' id='word_1_153' title='bbox 1365 3188 1686 3291; x_wconf 83' lang='lat' dir='ltr'>admonitiones,</span> <span class='ocrx_word' id='word_1_154' title='bbox 1722 3217 1771 3279; x_wconf 91' lang='lat' dir='ltr'>ut</span> <span class='ocrx_word' id='word_1_155' title='bbox 1801 3191 1982 3303; x_wconf 89' lang='lat' dir='ltr'>loquitur</span> <span class='ocrx_word' id='word_1_156' title='bbox 1998 3192 2071 3276; x_wconf 87' lang='lat' dir='ltr'>lsi·</span> 
     </span>
     <span class='ocr_line' id='line_1_22' title="bbox 691 3307 2072 3419; baseline -0.003 -23"><span class='ocrx_word' id='word_1_157' title='bbox 691 3367 720 3412; x_wconf 91' lang='lat'>„</span> <span class='ocrx_word' id='word_1_158' title='bbox 753 3311 907 3408; x_wconf 91' lang='lat' dir='ltr'>dorus,</span> <span class='ocrx_word' id='word_1_159' title='bbox 931 3332 970 3392; x_wconf 88' lang='lat' dir='ltr'>et</span> <span class='ocrx_word' id='word_1_160' title='bbox 986 3307 1184 3418; x_wconf 86' lang='lat' dir='ltr'>quasdam</span> <span class='ocrx_word' id='word_1_161' title='bbox 1222 3307 1264 3387; x_wconf 94' lang='lat' dir='ltr'>in</span> <span class='ocrx_word' id='word_1_162' title='bbox 1283 3308 1324 3388; x_wconf 90' lang='lat' dir='ltr'>S.</span> <span class='ocrx_word' id='word_1_163' title='bbox 1341 3307 1547 3393; x_wconf 89' lang='lat' dir='ltr'>Benedicti</span> <span class='ocrx_word' id='word_1_164' title='bbox 1564 3308 1742 3419; x_wconf 87' lang='lat' dir='ltr'>regulam</span> <span class='ocrx_word' id='word_1_165' title='bbox 1771 3307 2072 3394; x_wconf 81' lang='lat' dir='ltr'>commentatio</span> 
     </span>
     <span class='ocr_line' id='line_1_23' title="bbox 691 3422 2070 3541; baseline -0.001 -31"><span class='ocrx_word' id='word_1_166' title='bbox 691 3429 735 3530; x_wconf 65' lang='lat' dir='ltr'>„I</span> <span class='ocrx_word' id='word_1_167' title='bbox 752 3457 822 3511; x_wconf 90' lang='lat' dir='ltr'>nes</span> <span class='ocrx_word' id='word_1_168' title='bbox 838 3423 960 3537; x_wconf 86' lang='lat' dir='ltr'>locis,</span> <span class='ocrx_word' id='word_1_169' title='bbox 998 3453 1043 3508; x_wconf 86' lang='lat' dir='ltr'>ac</span> <span class='ocrx_word' id='word_1_170' title='bbox 1062 3422 1239 3539; x_wconf 86' lang='lat' dir='ltr'>personis</span> <span class='ocrx_word' id='word_1_171' title='bbox 1274 3424 1598 3535; x_wconf 84' lang='lat' dir='ltr'>accommodatas¹</span> <span class='ocrx_word' id='word_1_172' title='bbox 1610 3427 1669 3523; x_wconf 69' lang='lat'>„&#39;.</span> <span class='ocrx_word' id='word_1_173' title='bbox 1701 3426 1830 3541; x_wconf 88' lang='lat' dir='ltr'>Apud</span> <span class='ocrx_word' id='word_1_174' title='bbox 1848 3427 2070 3509; x_wconf 86' lang='lat' dir='ltr'>monachos</span> 
     </span>
     <span class='ocr_line' id='line_1_24' title="bbox 691 3536 2066 3657; baseline -0.003 -28"><span class='ocrx_word' id='word_1_175' title='bbox 691 3545 827 3657; x_wconf 85' lang='lat' dir='ltr'>regula</span> <span class='ocrx_word' id='word_1_176' title='bbox 846 3545 885 3625; x_wconf 87' lang='lat' dir='ltr'>S.</span> <span class='ocrx_word' id='word_1_177' title='bbox 909 3536 1118 3626; x_wconf 88' lang='lat' dir='ltr'>Benedicti</span> <span class='ocrx_word' id='word_1_178' title='bbox 1135 3539 1183 3623; x_wconf 91' lang='lat' dir='ltr'>de</span> <span class='ocrx_word' id='word_1_179' title='bbox 1203 3540 1365 3652; x_wconf 92' lang='lat' dir='ltr'>hymnis</span> <span class='ocrx_word' id='word_1_180' title='bbox 1383 3539 1596 3626; x_wconf 88' lang='lat' dir='ltr'>recitandis</span> <span class='ocrx_word' id='word_1_181' title='bbox 1611 3544 1813 3632; x_wconf 88' lang='lat' dir='ltr'>observari</span> <span class='ocrx_word' id='word_1_182' title='bbox 1828 3538 1976 3628; x_wconf 58' lang='lat' dir='ltr'>,debuit</span> <span class='ocrx_word' id='word_1_183' title='bbox 1990 3571 2003 3639; x_wconf 80' lang='lat'>3</span> <span class='ocrx_word' id='word_1_184' title='bbox 2018 3570 2066 3625; x_wconf 85' lang='lat' dir='ltr'>ex</span> 
     </span>
     <span class='ocr_line' id='line_1_25' title="bbox 690 3657 2067 3776; baseline -0.002 -31"><span class='ocrx_word' id='word_1_185' title='bbox 690 3659 900 3745; x_wconf 79' lang='lat' dir='ltr'>monachis</span> <span class='ocrx_word' id='word_1_186' title='bbox 917 3684 1051 3745; x_wconf 86' lang='lat' dir='ltr'>autem</span> <span class='ocrx_word' id='word_1_187' title='bbox 1068 3657 1231 3775; x_wconf 84' lang='lat' dir='ltr'>plurimi</span> <span class='ocrx_word' id='word_1_188' title='bbox 1249 3659 1302 3743; x_wconf 92' lang='lat' dir='ltr'>ad</span> <span class='ocrx_word' id='word_1_189' title='bbox 1319 3659 1438 3743; x_wconf 84' lang='lat' dir='ltr'>Sedes</span> <span class='ocrx_word' id='word_1_190' title='bbox 1455 3658 1706 3776; x_wconf 83' lang='lat' dir='ltr'>Episcopales</span> <span class='ocrx_word' id='word_1_191' title='bbox 1721 3659 1845 3748; x_wconf 88' lang='lat' dir='ltr'>evecti</span> <span class='ocrx_word' id='word_1_192' title='bbox 1858 3660 2034 3770; x_wconf 91' lang='lat' dir='ltr'>hymnos</span> <span class='ocrx_word' id='word_1_193' title='bbox 2052 3716 2067 3756; x_wconf 96' lang='lat'>,</span> 
     </span>
     <span class='ocr_line' id='line_1_26' title="bbox 690 3775 2067 3891; baseline 0 -30"><span class='ocrx_word' id='word_1_194' title='bbox 690 3806 871 3891; x_wconf 90' lang='lat' dir='ltr'>quorum</span> <span class='ocrx_word' id='word_1_195' title='bbox 898 3777 1116 3864; x_wconf 89' lang='lat' dir='ltr'>concentui</span> <span class='ocrx_word' id='word_1_196' title='bbox 1145 3777 1432 3873; x_wconf 86' lang='lat' dir='ltr'>insueverant,</span> <span class='ocrx_word' id='word_1_197' title='bbox 1464 3777 1533 3864; x_wconf 83' lang='lat' dir='ltr'>vix</span> <span class='ocrx_word' id='word_1_198' title='bbox 1561 3778 1746 3866; x_wconf 89' lang='lat' dir='ltr'>credibile</span> <span class='ocrx_word' id='word_1_199' title='bbox 1771 3805 1859 3877; x_wconf 89' lang='lat' dir='ltr'>est,</span> <span class='ocrx_word' id='word_1_200' title='bbox 1890 3775 2004 3891; x_wconf 89' lang='lat' dir='ltr'>quod</span> <span class='ocrx_word' id='word_1_201' title='bbox 2021 3776 2067 3861; x_wconf 90' lang='lat' dir='ltr'>in</span> 
     </span>
     <span class='ocr_line' id='line_1_27' title="bbox 687 3892 2066 4007; baseline 0.001 -29"><span class='ocrx_word' id='word_1_202' title='bbox 687 3892 989 3993; x_wconf 82' lang='lat' dir='ltr'>Ecclesias&#39;suas</span> <span class='ocrx_word' id='word_1_203' title='bbox 1007 3916 1092 3978; x_wconf 92' lang='lat' dir='ltr'>non</span> <span class='ocrx_word' id='word_1_204' title='bbox 1109 3894 1347 3980; x_wconf 79' lang='lat' dir='ltr'>induxerint</span> <span class='ocrx_word' id='word_1_205' title='bbox 1366 3895 1384 3976; x_wconf 83' lang='grc'>.’</span> <span class='ocrx_word' id='word_1_206' title='bbox 1412 3893 1549 4007; x_wconf 87' lang='lat' dir='ltr'>Ipsum</span> <span class='ocrx_word' id='word_1_207' title='bbox 1570 3893 1809 3979; x_wconf 88' lang='lat' dir='ltr'>Concilium</span> <span class='ocrx_word' id='word_1_208' title='bbox 1823 3898 2066 3979; x_wconf 86' lang='lat' dir='ltr'>Bracarense</span> 
     </span>
     <span class='ocr_line' id='line_1_28' title="bbox 691 4009 2072 4119; baseline 0.002 -26"><span class='ocrx_word' id='word_1_209' title='bbox 691 4009 735 4094; x_wconf 89' lang='lat' dir='ltr'>id</span> <span class='ocrx_word' id='word_1_210' title='bbox 748 4012 960 4119; x_wconf 86' lang='lat' dir='ltr'>queritur,</span> <span class='ocrx_word' id='word_1_211' title='bbox 985 4012 1227 4096; x_wconf 91' lang='lat' dir='ltr'>consuetudi</span> <span class='ocrx_word' id='word_1_212' title='bbox 1235 4040 1303 4096; x_wconf 92' lang='lat' dir='ltr'>nes</span> <span class='ocrx_word' id='word_1_213' title='bbox 1321 4010 1562 4097; x_wconf 87' lang='lat' dir='ltr'>monasticas</span> <span class='ocrx_word' id='word_1_214' title='bbox 1591 4012 1644 4095; x_wconf 90' lang='lat' dir='ltr'>ad</span> <span class='ocrx_word' id='word_1_215' title='bbox 1658 4012 1758 4097; x_wconf 91' lang='lat' dir='ltr'>ritus</span> <span class='ocrx_word' id='word_1_216' title='bbox 1777 4011 2072 4098; x_wconf 83' lang='lat' dir='ltr'>Ecclesiasticos</span> 
     </span>
     <span class='ocr_line' id='line_1_29' title="bbox 693 4125 2069 4241; baseline -0.001 -28"><span class='ocrx_word' id='word_1_217' title='bbox 693 4157 716 4213; x_wconf 87' lang='lat' dir='ltr'>a</span> <span class='ocrx_word' id='word_1_218' title='bbox 732 4125 977 4241; x_wconf 81' lang='lat' dir='ltr'>quibusdam</span> <span class='ocrx_word' id='word_1_219' title='bbox 993 4126 1176 4216; x_wconf 86' lang='lat' dir='ltr'>traduci.</span> <span class='ocrx_word' id='word_1_220' title='bbox 1195 4130 1280 4213; x_wconf 89' lang='lat' dir='ltr'>Nec</span> <span class='ocrx_word' id='word_1_221' title='bbox 1299 4127 1477 4228; x_wconf 81' lang='lat' dir='ltr'>dubito,</span> <span class='ocrx_word' id='word_1_222' title='bbox 1491 4131 1594 4240; x_wconf 90' lang='lat' dir='ltr'>quin</span> <span class='ocrx_word' id='word_1_223' title='bbox 1612 4129 1799 4217; x_wconf 84' lang='lat' dir='ltr'>monachi</span> <span class='ocrx_word' id='word_1_224' title='bbox 1816 4129 2069 4215; x_wconf 90' lang='lat' dir='ltr'>Benedictini</span> 
     </span>
     <span class='ocr_line' id='line_1_30' title="bbox 689 4242 2066 4376; baseline 0.001 -49"><span class='ocrx_word' id='word_1_225' title='bbox 689 4242 910 4376; x_wconf 84' lang='lat' dir='ltr'>plurimum</span> <span class='ocrx_word' id='word_1_226' title='bbox 940 4246 1092 4359; x_wconf 91' lang='lat' dir='ltr'>ubique</span> <span class='ocrx_word' id='word_1_227' title='bbox 1107 4244 1320 4358; x_wconf 82' lang='lat' dir='ltr'>juverint,</span> <span class='ocrx_word' id='word_1_228' title='bbox 1352 4270 1399 4331; x_wconf 96' lang='lat' dir='ltr'>ut</span> <span class='ocrx_word' id='word_1_229' title='bbox 1426 4245 1569 4359; x_wconf 87' lang='lat' dir='ltr'>hymni</span> <span class='ocrx_word' id='word_1_230' title='bbox 1588 4246 1768 4348; x_wconf 86' lang='lat' dir='ltr'>metrici,</span> <span class='ocrx_word' id='word_1_231' title='bbox 1798 4273 1837 4357; x_wconf 88' lang='lat' dir='ltr'>et</span> <span class='ocrx_word' id='word_1_232' title='bbox 1853 4245 2066 4362; x_wconf 89' lang='lat' dir='ltr'>rhythmici</span> 
     </span>
     <span class='ocr_line' id='line_1_31' title="bbox 692 4360 2077 4466; baseline 0.006 -24"><span class='ocrx_word' id='word_1_233' title='bbox 692 4389 735 4443; x_wconf 82' lang='lat' dir='ltr'>tn</span> <span class='ocrx_word' id='word_1_234' title='bbox 752 4360 872 4446; x_wconf 83' lang='lat' dir='ltr'>officii</span> <span class='ocrx_word' id='word_1_235' title='bbox 888 4361 1133 4449; x_wconf 89' lang='lat' dir='ltr'>ecclesiastici</span> <span class='ocrx_word' id='word_1_236' title='bbox 1166 4363 1309 4447; x_wconf 89' lang='lat' dir='ltr'>ordine</span> <span class='ocrx_word' id='word_1_237' title='bbox 1342 4363 1414 4447; x_wconf 85' lang='lat' dir='ltr'>rite</span> <span class='ocrx_word' id='word_1_238' title='bbox 1430 4362 1751 4465; x_wconf 86' lang='lat' dir='ltr'>inducerentur,</span> <span class='ocrx_word' id='word_1_239' title='bbox 1785 4389 1858 4450; x_wconf 93' lang='lat' dir='ltr'>aut</span> <span class='ocrx_word' id='word_1_240' title='bbox 1890 4363 2077 4466; x_wconf 81' lang='lat' dir='ltr'>crebrius¹</span> 
     </span>
     <span class='ocr_line' id='line_1_32' title="bbox 691 4475 2078 4597; baseline 0.001 -34"><span class='ocrx_word' id='word_1_241' title='bbox 691 4475 1015 4580; x_wconf 84' lang='lat' dir='ltr'>celebrarentur,</span> <span class='ocrx_word' id='word_1_242' title='bbox 1042 4480 1111 4565; x_wconf 91' lang='lat' dir='ltr'>ubi</span> <span class='ocrx_word' id='word_1_243' title='bbox 1129 4478 1592 4597; x_wconf 81' lang='lat' dir='ltr'>aliquatenusvigebant</span> <span class='ocrx_word' id='word_1_244' title='bbox 1612 4484 1874 4596; x_wconf 84' lang='lat' dir='ltr'>:praesertim</span> <span class='ocrx_word' id='word_1_245' title='bbox 1888 4513 1981 4568; x_wconf 90' lang='lat' dir='ltr'>cum</span> <span class='ocrx_word' id='word_1_246' title='bbox 1998 4484 2078 4584; x_wconf 48' lang='lat' dir='ltr'>Be&lt;</span> 
     </span>
     <span class='ocr_line' id='line_1_33' title="bbox 690 4594 2071 4716; baseline 0.001 -36"><span class='ocrx_word' id='word_1_247' title='bbox 690 4594 784 4711; x_wconf 84' lang='lat' dir='ltr'>gula</span> <span class='ocrx_word' id='word_1_248' title='bbox 802 4599 841 4684; x_wconf 87' lang='lat' dir='ltr'>S.</span> <span class='ocrx_word' id='word_1_249' title='bbox 858 4597 1062 4687; x_wconf 85' lang='lat' dir='ltr'>Benedicti</span> <span class='ocrx_word' id='word_1_250' title='bbox 1078 4606 1329 4716; x_wconf 86' lang='lat' dir='ltr'>summopere</span> <span class='ocrx_word' id='word_1_251' title='bbox 1348 4598 1543 4700; x_wconf 88' lang='lat' dir='ltr'>laudata,</span> <span class='ocrx_word' id='word_1_252' title='bbox 1576 4625 1616 4687; x_wconf 88' lang='lat' dir='ltr'>et</span> <span class='ocrx_word' id='word_1_253' title='bbox 1631 4601 1848 4690; x_wconf 87' lang='lat' dir='ltr'>Monachis</span> <span class='ocrx_word' id='word_1_254' title='bbox 1868 4662 1882 4702; x_wconf 91' lang='lat'>,</span> <span class='ocrx_word' id='word_1_255' title='bbox 1915 4600 2071 4686; x_wconf 70' lang='lat' dir='ltr'>ac&#39;Mo·</span> 
     </span>
    </p>
   </div>
   <div class='ocr_carea' id='block_1_3' title="bbox 735 4871 2066 5076">
    <p class='ocr_par' dir='ltr' id='par_1_12' title="bbox 735 4871 2066 5076">
     <span class='ocr_line' id='line_1_34' title="bbox 738 4871 2063 4973; baseline -0.008 -31"><span class='ocrx_word' id='word_1_256' title='bbox 738 4878 791 4960; x_wconf 72' lang='lat' dir='ltr'>(a)</span> <span class='ocrx_word' id='word_1_257' title='bbox 805 4871 976 4947; x_wconf 82' lang='lat' dir='ltr'>Dedivin.</span> <span class='ocrx_word' id='word_1_258' title='bbox 989 4878 1112 4950; x_wconf 87' lang='lat' dir='ltr'>officiis</span> <span class='ocrx_word' id='word_1_259' title='bbox 1127 4880 1339 4973; x_wconf 63' lang='lat' dir='ltr'>liba-napo.</span> <span class='ocrx_word' id='word_1_260' title='bbox 1455 4884 1508 4966; x_wconf 83' lang='lat'>(3)</span> <span class='ocrx_word' id='word_1_261' title='bbox 1538 4882 1680 4954; x_wconf 83' lang='lat' dir='ltr'>Praefat.</span> <span class='ocrx_word' id='word_1_262' title='bbox 1701 4879 1741 4949; x_wconf 81' lang='lat' dir='ltr'>td</span> <span class='ocrx_word' id='word_1_263' title='bbox 1770 4876 1875 4947; x_wconf 79' lang='lat' dir='ltr'>secui.</span> <span class='ocrx_word' id='word_1_264' title='bbox 1893 4897 1924 4946; x_wconf 84' lang='lat'>1·</span> <span class='ocrx_word' id='word_1_265' title='bbox 1952 4875 2063 4953; x_wconf 67' lang='lat' dir='ltr'>Bene.</span> 
     </span>
     <span class='ocr_line' id='line_1_35' title="bbox 735 4962 2066 5076; baseline 0 -35"><span class='ocrx_word' id='word_1_266' title='bbox 735 4977 790 5064; x_wconf 83' lang='lat' dir='ltr'>(a)</span> <span class='ocrx_word' id='word_1_267' title='bbox 816 4962 1084 5064; x_wconf 83' lang='lat' dir='ltr'>Peristephanon</span> <span class='ocrx_word' id='word_1_268' title='bbox 1101 4980 1230 5071; x_wconf 89' lang='lat' dir='ltr'>hymno</span> <span class='ocrx_word' id='word_1_269' title='bbox 1247 4981 1281 5047; x_wconf 82' lang='grc' dir='ltr'>ό.</span> <span class='ocrx_word' id='word_1_270' title='bbox 1303 5016 1305 5019; x_wconf 94' lang='grc'>-</span> <span class='ocrx_word' id='word_1_271' title='bbox 1402 4971 1484 5048; x_wconf 82' lang='lat' dir='ltr'>dict.</span> <span class='ocrx_word' id='word_1_272' title='bbox 1504 5002 1672 5076; x_wconf 72' lang='lat' dir='ltr'>num.74.,</span> <span class='ocrx_word' id='word_1_273' title='bbox 1686 4994 1719 5050; x_wconf 85' lang='lat' dir='ltr'>et</span> <span class='ocrx_word' id='word_1_274' title='bbox 1737 4992 1796 5069; x_wconf 83' lang='lat'>75·</span> <span class='ocrx_word' id='word_1_275' title='bbox 1816 4974 1895 5044; x_wconf 85' lang='lat' dir='ltr'>Act.</span> <span class='ocrx_word' id='word_1_276' title='bbox 1911 4972 1968 5046; x_wconf 78' lang='lat'>88.</span> <span class='ocrx_word' id='word_1_277' title='bbox 2039 5010 2066 5041; x_wconf 62' lang='lat' dir='ltr'>‚r</span> 
     </span>
    </p>
   </div>
   <div class='ocr_carea' id='block_1_4' title="bbox 0 0 2546 6228">
    <p class='ocr_par' dir='ltr' id='par_1_13' title="bbox 0 0 2546 6228">
     <span class='ocr_line' id='line_1_36' title="bbox 0 0 2546 6228; baseline 0 0"><span class='ocrx_word' id='word_1_278' title='bbox 0 0 2546 6228; x_wconf 95' lang='lat' dir='ltr'> </span> 
     </span>
    </p>
   </div>
  </div>
 </body>
</html>
