5084 6234
946 812 1607 909 accrasrasrtcts
1882 854 1963 943 139

580 959 678 1068 tut,
714 961 939 1051 Zachariae
960 960 1124 1046 Ferterii
1145 963 1324 1075 hymnos
1342 987 1548 1079 tantopere
1574 964 1765 1080 probatos
1784 994 1868 1051 non
1886 970 1966 1054 ele-

574 1088 695 1207 gerit.
737 1086 958 1199 Quantum
983 1110 1056 1197 ego
1073 1081 1240 1194 quidem
1270 1079 1474 1193 conjicio,
1506 1110 1592 1165 non
1629 1110 1717 1167 una·
1742 1083 1967 1174 luitUrba⁴

577 1238 634 1295 no
651 1209 760 1293 lllll.
778 1232 933 1304 causa,
965 1229 1038 1287 cur
1056 1197 1279 1284 Zachariae
1297 1200 1473 1314 hymnos
1491 1199 1717 1288 recitandos
1735 1232 1820 1288 non
1840 1208 1965 1293 obtu-

575 1325 690 1414 lerit.
722 1322 898 1409 Primum
916 1318 1025 1406 enirn
1042 1316 1167 1401 satius
1180 1316 1315 1404 visum
1329 1317 1408 1404 fuit
1426 1381 1439 1420 ,
1467 1346 1514 1403 ut
1541 1348 1591 1404 ex
1608 1319 1785 1435 antiquis
1802 1350 1967 1411 senten-³

573 1445 678 1545 tiae,
711 1468 780 1541 et,
813 1465 1016 1554 quantum
1045 1434 1129 1520 lieri
1147 1460 1306 1550 posset,
1337 1438 1461 1525 verba
1487 1434 1791 1543 retinerentur,
1820 1470 1965 1530 contra

574 1560 811 1675 quemfecit
833 1556 1060 1657 ferrerius,
1085 1554 1157 1669 qui
1185 1585 1315 1643 novos
1345 1555 1507 1672 penitus
1525 1557 1768 1643 contexuit.
1802 1563 1965 1649 Deinde

572 1680 811 1797 magnificae
828 1674 914 1759 illae
934 1676 1101 1773 laudes,
1131 1673 1312 1786 quibus,
1341 1706 1363 1760 a
1393 1676 1602 1762 Clemente
1619 1675 1744 1779 Vll.,
1775 1680 1968 1768 Beciche.

574 1830 644 1887 mo
665 1859 678 1897 ‚
708 1821 747 1880 et
763 1792 967 1880 Paciaudo
987 1817 1156 1879 ornatus
1174 1817 1230 1876 est
1249 1794 1479 1893 Ferrarius,
1509 1820 1691 1907 quasque
1707 1797 1744 1880 ei
1761 1795 1896 1911 aliqua
1914 1828 1965 1889 cx

602 1934 683 2002 'arte
706 1913 842 1998 deberi
861 1944 946 1999 non
966 1912 1164 2007 diffiteor,
1201 1940 1287 1993 non
1306 1911 1488 1998 efficiunt
1510 1966 1523 2003 ‚
1557 1912 1781 2019 quominus
1811 1945 1834 2001 a
1851 1916 1967 2004 metti

572 1948 725 2151 iegibus
758 2058 843 2113 non
874 2060 965 2117 tato
983 2026 1256 2125 aberraverit,
1289 2057 1334 2116 ut
1359 2062 1409 2118 ex
1433 2026 1568 2115 multis
1599 2034 1817 2148 exemplis,
1854 2064 1963 2150 quae

575 2179 725 2270 possem
745 2147 977 2249 adducere,
1009 2148 1187 2237 inversu
1221 2150 1415 2266 sapphico
1448 2146 1591 2260 hymni
1609 2151 1649 2233 S.
1669 2153 1862 2266 Stephani
1882 2217 1894 2254 ,
1914 2156 1970 2242 Ut

573 2265 752 2357 remisisti
764 2265 927 2379 injurios
946 2293 1097 2355 tuorum
1117 2331 1127 2349 .
1146 2262 1255 2349 Tum
1274 2266 1571 2383 congruitatem
1588 2266 1642 2351 ad
1658 2295 1827 2354 cantum
1842 2274 1969 2358 eccle·

573 2385 780 2474 siasticum
809 2413 881 2472 aut
903 2385 1129 2503 ignoravit,
1157 2410 1228 2471 aut
1255 2384 1520 2500 contempsit.
1553 2385 1757 2470 Postremo
1790 2389 1969 2502 hymnos

547 2507 552 2516 ’
569 2533 667 2591 suos
684 2501 876 2591 fabulosis
895 2501 1200 2592 narrationibus
1217 2502 1423 2604 foedavit,
1442 2530 1489 2589 ac
1509 2503 1718 2589 nonnullis
1737 2563 1750 2602 ,
1768 2535 1875 2619 quae
1890 2508 1968 2593 mi-

572 2622 679 2710 nime
693 2618 946 2738 Theologum
961 2622 1154 2722 deceant,
1169 2621 1301 2737 qualis
1318 2646 1375 2708 est
1394 2621 1455 2706 illa
1474 2622 1517 2705 in
1536 2623 1695 2735 hymno
1710 2623 1966 2741 S.Gregorii,

810 2739 871 2825 llle
896 2742 1124 2856 Traianum
1155 2770 1349 2830 revocans
1366 2742 1432 2828 ‘ab
1448 2768 1545 2827 orco

805 2858 936 2948 Efficit
956 2862 1128 2978 dignum
1153 2862 1355 2979 Superum
1385 2857 1583 2946 catervis.

575 2973 838 3095 Quapropter
870 2979 939 3067 etsi
973 2981 1016 3064 in
1050 2980 1213 3096 hymnis
1243 2977 1512 3065 ecclesiasticis
1544 2976 1708 3062 Ferretii
1740 3004 1958 3080 venustas,

572 3098 751 3297 ppeticus
769 3096 912 3213 lepor,
942 3124 980 3185 et
996 3129 1100 3214 pura
1119 3098 1293 3184 latinitas
1310 3096 1501 3181 emineret
1522 3153 1535 3191 ,
1568 3096 1684 3206 quod
1710 3122 1828 3211 negat
1842 3097 1967 3182 Tira-

629 3212 763 3299 schius
782 3278 795 3315 ,
830 3241 960 3303 tamen
990 3218 1140 3307 rectius
1154 3216 1350 3303 Urbanus
1368 3215 1477 3299 Vlll.
1493 3211 1614 3314 lecit,
1649 3213 1751 3299 dum
1768 3213 1964 3328 antiquos

579 3328 786 3417 reformari
799 3333 913 3450 jussit
932 3396 942 3418 .

1109 3453 1150 3576 t.
1192 3450 1427 3543 xxvttr.

767 3627 994 3721 Vindicotttr
1018 3631 1195 3722 correctio
1215 3635 1457 3756 Hyrnttotttm
1488 3633 1634 3722 Urbani
1662 3629 1768 3726 Vlll.

1100 3749 1214 3865 jussu
1237 3778 1424 3867 peracto.
1949 3803 1970 3872 Α,

582 3925 676 4041 162.
699 3871 815 4049 Age
845 3961 943 4020 vero
978 3929 1241 4017 discutiamus
1275 3924 1447 4014 aliorum
1494 3925 1853 4046 reprehensiones,
1885 3918 1964 4039 qui

579 4075 666 4131 non
685 4077 786 4137 recte
806 4057 959 4137 lactum
988 4049 1265 4150 blaterarunt‚
1289 4044 1404 4163 quod
1432 4047 1575 4163 hymni
1593 4079 1703 4151 usu,
1734 4069 1772 4131 et
1788 4042 1961 4157 antiqui·

577 4187 657 4253 tate
691 4169 906 4255 consecrati
943 4193 1224 4269 mutarentur,
1258 4192 1306 4252 ut
1333 4167 1602 4283 comptiores,
1629 4160 1960 4275 venustioresque

579 4310 854 4400 apparerent.
890 4288 1028 4372 Falsus
1062 4289 1210 4404 quippe
1246 4281 1370 4372 animi
1401 4287 1481 4372 fuit
1514 4290 1711 4375 Urbanus
1743 4280 1960 4379 Pontifex,

576 4397 679 4513 dum
696 4429 792 4519 opus
809 4402 988 4491 omnibus
998 4434 1153 4524 gratum
1182 4431 1222 4492 se
1238 4404 1445 4491 facturum
1478 4432 1558 4492 esse
1575 4402 1776 4522 speravit,
1806 4398 1840 4483 si
1854 4419 1964 4486 vete·

1530 4527 1557 4611 S
1589 4552 1614 4610 2
1960 4534 1969 4570 ²

474 4752 480 4764 ,
578 4720 769 4793 canoribus
799 4726 935 4795 maces
971 4726 1158 4808 scribant,
1203 4737 1236 4796 et
1297 4729 1441 4799 madum
1463 4735 1535 4802 est,
1565 4742 1584 4791 a
1614 4714 1738 4787 Ribert
1757 4727 1961 4805 poscerent,

576 4834 715 4892 stentem
730 4823 906 4918 aperiant.
922 4823 954 4891 Si
969 4826 1149 4899 adversarii
1178 4824 1223 4892 ita
1295 4825 1410 4894 nescio
1422 4871 1434 4903 ,
1448 4846 1486 4893 sn
1502 4838 1609 4911 aeque
1622 4812 1720 4887 facile
1732 4835 1804 4885 sese
1818 4810 1876 4885 ille
1889 4834 1946 4883 ex·
1965 4905 1969 4910 .

577 4918 736 4991 admoniti
764 4920 927 4991 tationem
949 4924 1047 5004 huius
1072 4937 1226 5000 consttu-
1296 4918 1414 5014 pedite
1429 4935 1568 5014 posset.
1661 4933 1665 4941 '

583 5012 718 5100 stianit,
727 5018 779 5091 ltis
791 5015 943 5095 omnibus
958 5024 992 5093 id
1009 5045 1110 5099 ustum
1123 5023 1237 5094 admo·
