5084 6234
829 777 1490 889 tecuustasrt'cr's
1772 746 1864 929 ιη’

463 951 654 1058 Gnyettts
667 942 849 1065 primus,
875 944 989 1057 quod
1021 975 1094 1061 ego
1126 940 1311 1046 scieritis,
1352 950 1429 1034 hoc
1450 942 1654 1033 monitum
1692 945 1855 1035 utilissi-

465 1101 580 1160 mum
598 1091 731 1183 aperte
747 1061 911 1177 posuit,
944 1088 982 1148 et
996 1088 1225 1177 exequutus
1242 1089 1301 1150 est
1318 1065 1360 1148 in
1388 1065 1553 1177 hymnis
1570 1089 1659 1178 post
1676 1067 1854 1153 Heorta-

447 1187 637 1306 ·logiamt
669 1182 799 1266 eidem
815 1178 903 1266 viae
922 1179 1062 1266 institit
1079 1179 1285 1267 Martinus
1314 1181 1465 1268 Clarus
1500 1183 1543 1267 in
1560 1182 1722 1291 hymnis
1741 1212 1853 1287 novo

462 1307 576 1396 cultu
596 1295 832 1396 adornatis,
864 1297 975 1385 aede
995 1299 1175 1383 Santolio
1194 1298 1411 1387 Victorino
1445 1299 1552 1387 idem
1587 1301 1773 1389 asseritur
1807 1302 1877 1398 in·

463 1419 719 1512 Dictionario
752 1415 904 1503 Morari
923 1417 996 1531 (1)
1015 1478 1025 1499 .
1052 1418 1087 1503 ll
1093 1415 1222 1533 paroit
1236 1418 1452 1533 (Santeul)
1466 1418 1532 1535 qu’
1550 1418 1580 1506 il
1597 1448 1622 1501 a
1639 1447 1774 1536 rampu
1790 1450 1856 1510 es·

456 1572 548 1664 pret
562 1541 599 1625 ln
614 1538 775 1625 cadence
802 1538 963 1623 desuers
978 1533 1044 1651 qui
1062 1537 1209 1623 aitrreat
1233 1536 1427 1651 enjamber
1450 1569 1518 1624 sur
1544 1537 1599 1624 les
1623 1562 1756 1625 autres
1779 1600 1795 1642 ,
1817 1567 1857 1630 ee

519 1660 614 1746 ’ila
644 1653 756 1742 aussi
786 1653 850 1742 tre
879 1658 933 1743 les
960 1654 1146 1753 elisioas,
1174 1655 1243 1770 qui
1271 1654 1513 1743 incomadenr
1546 1658 1586 1742 la
1618 1684 1766 1744 mesure
1799 1662 1856 1748 du

461 1783 609 1878 ebant„
636 1801 737 1860 eren
754 1776 842 1860 dere
872 1775 948 1860 lent
976 1772 1002 1862 l’
1021 1775 1246 1860 barmonic.
1285 1775 1507 1888 Quaenam
1540 1800 1679 1862 autem
1714 1777 1855 1866 cantui

462 1894 796 1993 incommodent,
832 1805 1055 1993 distincte,
1090 1918 1128 1979 et
1159 1889 1337 1979 dilucide
1381 1893 1504 1980 tradit
1536 1895 1725 2004 Guyetus
1748 1894 1856 2011 (2)=

465 2018 578 2106 Ratio
594 2016 683 2102 irem
703 2032 837 2099 carnus
852 2012 978 2132 exigit
992 2033 1060 2113 ,ut
1081 2013 1130 2097 ab
1148 2011 1434 2117 elisionibut,et
1447 2013 1685 2131 synaloephis
1702 2071 1715 2112 ‚
1731 2046 1860 2132 quart·

463 2133 646 2252 rumfieri
656 2152 814 2250 potest,
843 2129 1102 2218 abstineatur.
1116 2194 1152 2216 ..
1177 2135 1245 2219 Aa
1274 2162 1413 2220 cantus
1445 2164 1597 2249 quoque
1626 2134 1858 2250 euphoniam

461 2255 655 2374 pertinet,
689 2278 733 2337 ιιι
762 2250 803 2334 in
838 2249 1029 2370 sappbicis
1058 2251 1262 2350 maxime,
1294 2272 1333 2336 et
1357 2254 1398 2336 in
1428 2253 1673 2367 asclepiadeis
1707 2254 1882 2368 bymnit·¹

459 2400 554 2491 post
570 2373 773 2457 secundum
785 2370 919 2487 pedem
939 2398 1086 2484 semper
1098 2370 1262 2484 supersit
1276 2398 1445 2455 caesura..
1462 2370 1514 2455 Et
1531 2372 1577 2453 Μ
1582 2370 1739 2457 acrinus
1755 2371 1861 2459 cla-¹

467 2519 538 2579 rus
555 2488 596 2572 in
614 2488 882 2612 praelatione:
897 2489 1016 2576 Nulla
1032 2514 1161 2573 ramea
1170 2483 1280 2601 facta
1313 2515 1372 2574 ese
1394 2486 1568 2604 ‘murato
1578 2487 1689 2606 pedis
1706 2486 1746 2573 in
1763 2492 1876 2597 alre-¹

468 2639 588 2712 rum,
623 2605 691 2724 qui
699 2608 880 2723 pluribus
911 2638 1025 2725 quam
1054 2608 1152 2693 alter
1176 2606 1325 2726 syllabis
1338 2629 1510 2712 constet,
1539 2638 1584 2694 ur
1599 2635 1696 2729 puta
1712 2604 1862 2718 iambi,

464 2748 536 2815 aut
563 2725 744 2845 spondaei
774 2725 814 2810 in
848 2728 1144 2844 Artapaestum,
1172 2729 1299 2814 nullus
1324 2726 1511 2815 vocalium
1526 2757 1771 2831 contusus,
1793 2725 1863 2847 qut

462 2847 625 2965 syllabae
639 2842 803 2959 alicujus
817 2845 1032 2934 incisionem
1051 2844 1249 2965 exigeret,
1279 2847 1419 2933 nullius
1428 2850 1543 2966 plane
1555 2849 1726 2965 poeticae
1741 2849 1862 2934 licen·-

466 2965 545 3051 tt‘ae
560 2997 652 3051 usus
672 3025 686 3064 ,
717 2963 825 3051 nulla
840 2965 999 3082 dariique
1015 2965 1055 3049 in
1071 2994 1184 3051 sensu
1202 2968 1397 3051 uerborum
1428 2966 1680 3082 interruptio:
1709 2969 1776 3050 secl
1788 2965 1863 3055 ab·

464 3086 591 3172 saluta
609 3112 754 3200 semper
769 3113 853 3171 cum
873 3081 1040 3203 siugulis
1065 3084 1231 3168 uersibus
1247 3084 1430 3171 orationis
1457 3084 1674 3186 sententia,
1705 3086 1766 3170 vel
1777 3075 1880 3173 sal-⁶

469 3219 545 3288 tem
561 3231 737 3317 suspensa
752 3204 910 3305 leuiter,
935 3229 975 3287 ct
988 3204 1040 3287 nd
1054 3224 1267 3316 sequentem
1287 3192 1434 3289 versum
1447 3204 1557 3322 quasi
1570 3223 1704 3324 sponte
1715 3205 1860 3320 produ·

468 3341 531 3409 cta
564 3321 643 3404 siue
657 3321 725 3421 ui,
758 3322 838 3409 sine
853 3319 1109 3422 obscuritate,
1139 3321 1218 3408 sine
1249 3322 1505 3437 deffbrmirate
1541 3355 1701 3409 caruur.
1739 3323 1792 3409 Et
1812 3326 1858 3413 in

469 3437 718 3558 praelatione
736 3441 791 3526 ad
807 3442 1052 3530 Auctarium
1065 3440 1363 3529 :Excluduatur
1376 3444 1509 3529 deinde
1525 3441 1710 3529 vocalium
1728 3442 1860 3528 elisio·
1877 3509 1881 3518 .

468 3590 567 3660 nes,
596 3557 776 3658 arillae,
807 3593 904 3677 quae
938 3562 1120 3645 dicuntur
1143 3560 1320 3673 poeticae
1336 3561 1540 3659 licentiae,
1570 3560 1705 3676 quibus
1730 3558 1862 3678 tegia'·
1891 3594 1893 3597 ⁴

468 3705 557 3766 mut
573 3677 752 3766 carminis
760 3710 830 3794 pes
838 3698 1081 3793 permutatur
1097 3677 1138 3760 in
1153 3678 1409 3791 alterum,yui
1419 3676 1593 3796 pluribus
1605 3677 1753 3793 syllabis
1767 3706 1862 3764 cart-

471 3819 576 3902 ttat;
603 3801 702 3885 unde
716 3827 852 3883 auctus
865 3796 1089 3913 syllabarum
1104 3825 1285 3882 numerus
1299 3824 1376 3878 nan
1397 3824 1540 3914 parum
1559 3793 1781 3881 canentibus
1794 3792 1859 3882 ira-

471 3923 684 4006 commadat
716 3976 727 4002 .
766 3919 884 4002 llanc
920 3910 1166 4031 diligentiam
1197 3914 1241 4000 in
1277 3912 1404 4003 Claro
1422 3916 1681 4005 commendat
1713 3909 1858 4005 Baillei

473 4062 542 4123 tus
556 4037 658 4150 (a)-
769 4033 772 4038 ’

485 4205 488 4210 -
537 4180 634 4267 203.
661 4154 725 4240 Ex
744 4156 804 4243 his
820 4154 990 4270 colligo,
1026 4177 1167 4240 contra
1186 4157 1437 4274 euphoniam
1455 4186 1535 4244 esse
1555 4186 1592 4241 r.
1612 4186 1860 4248 concursum

473 4269 707 4373 vocalium,
739 4278 809 4363 ubi
827 4273 1072 4390 synaloepha
1090 4303 1195 4391 opus
1228 4302 1310 4378 est,
1342 4274 1637 4394 autecthlipsi,
1668 4304 1741 4366 ut:
1862 4367 1864 4372 .

598 4389 809 4477 Christum
836 4397 1004 4492 druurn,
1031 4417 1102 4478 aut
1116 4393 1384 4513 sanguinem.

392 4625 395 4629 Α
478 4505 729 4597 Cavendum
762 4540 856 4627 ergo
871 4539 959 4613 est,
991 4537 1041 4594 ne
1068 4509 1110 4595 id
1127 4509 1227 4615 fiat,
1262 4540 1335 4602 aut
1349 4516 1485 4604 saltem
1502 4544 1553 4601 nc
1569 4542 1681 4631 saepe
1698 4512 1795 4617 fiat,
1818 4536 1860 4610 et

474 4626 707 4744 pracsertim
722 4627 765 4712 in
783 4631 1060 4732 dictionibus,
1092 4660 1199 4747 quae
1214 4631 1342 4722 littera
1363 4640 1421 4751 M
1434 4632 1735 4735 terminantur,
1762 4661 1861 4726 narn

522 4910 574 4990 (ι)
602 4905 968 5000 Editio'r.anni1732.
1242 4919 1297 5004 (3)
1324 4910 1858 5013 Tourmlurlicdapitntmum.

419 5077 423 5082 ,
495 5004 1037 5106 ΙΙ[ιιὶιιηψιιρῆ.ιιιιιιιια.
1187 5028 1295 5110 1549.
